2213 3736
831 207 1048 264 Liber
1087 209 1154 264 V:
1776 216 1867 275 213

155 358 393 413 Pulcher
428 356 595 413 adhuc
625 358 791 421 facie,
827 370 884 412 et
929 359 1112 412 nimbo
1141 358 1365 412 tralucet
1393 358 1451 410 in
1485 365 1622 412 atro.

152 453 369 508 Interea
396 458 579 507 matris
609 494 622 515 ,
663 468 822 522 quam
854 469 1099 519 magnam
1131 469 1304 519 nuper
1334 451 1398 502 ad
1432 452 1624 504 vrbem
1683 528 1686 529 ⁷

156 546 425 601 Traxerat
457 552 692 601 incertus
726 562 947 610 rumor,
975 545 1289 600 certissimus
1322 560 1478 596 aures

157 640 401 695 Nuntius
436 644 686 708 impleuit
714 624 897 696 uastum
929 653 1088 693 extra
1120 643 1332 691 moenia
1361 641 1505 699 duci,

154 736 244 790 Ad
272 748 607 803 mortemque
639 739 758 802 rapi
791 748 999 803 captum
1026 774 1043 796 ,
1081 733 1384 801 insidiisque
1421 729 1718 791 subafiumst.

160 829 362 884 Palluit
392 831 587 883 infelix
620 865 637 888 ,
674 828 969 896 mediisque
998 833 1053 883 in
1091 831 1306 882 vocibus
1335 843 1482 882 artus

158 922 418 988 Diriguit.
454 923 581 975 licet
604 920 735 974 haec
771 926 934 990 patris
968 926 1093 977 sciat
1118 927 1295 976 omnia
1333 934 1479 976 certo

158 1017 395 1072 Confilio
424 1015 539 1068 fieri
559 1055 575 1075 ,
613 1026 781 1092 atque,
798 1017 955 1085 ipsius
988 1024 1210 1071 numine
1240 1013 1371 1080 nati,

156 1114 343 1166 Altius
378 1113 578 1176 ingenti
607 1122 785 1162 tamen
817 1125 1150 1179 exuperante
1186 1113 1374 1165 dolore

160 1205 360 1259 cuneta
386 1202 551 1254 oblita
589 1206 698 1256 ruit
720 1243 735 1265 ,
773 1198 1015 1260 resonant
1052 1207 1400 1274 plangoribus
1438 1201 1628 1258 aedes

152 1296 474 1353 Foemineis
498 1334 513 1355 ,
561 1295 748 1349 frustra
783 1300 1198 1365 lacrymantem,
1237 1311 1292 1351 et
1329 1301 1522 1352 acerba
1554 1284 1863 1365 gementem

158 1392 417 1445 Solantur
455 1389 594 1442 fidae
638 1395 883 1453 comites,
922 1396 1138 1461 iamque
1181 1393 1275 1444 illa
1320 1409 1418 1459 per
1448 1393 1636 1444 vrbem

155 1488 343 1552 Atque
373 1484 479 1536 huc
505 1521 523 1544 ‚
556 1492 716 1550 atque
745 1486 874 1538 illuc
915 1500 1057 1540 errat
1078 1527 1093 1549 ,
1134 1487 1435 1552 tristemque
1453 1488 1687 1553 ’requirit

157 1578 420 1634 Indesefl'a
457 1578 635 1630 locum
661 1619 678 1640 ,
715 1597 858 1633 nunc
889 1580 1005 1642 hic,
1044 1596 1188 1632 nunc
1223 1577 1439 1629 baefitat
1479 1580 1592 1629 illic

158 1673 443 1740 vestigans
477 1672 683 1732 oculis,
721 1686 879 1742 atque
911 1676 1130 1727 auribus
1175 1677 1354 1737 omnia
1388 1682 1629 1738 captans,

159 1767 346 1819 Sicubi
370 1766 692 1818 concursum
716 1807 734 1829 ,
773 1785 928 1820 voces
970 1776 1064 1821 aut
1101 1766 1314 1819 hauriat
1353 1766 1510 1819 vllas.

163 1861 246 1914 Ac
283 1859 453 1913 veluti
494 1859 643 1927 pastu
679 1862 892 1914 rediens
923 1861 1014 1913 vbi
1044 1861 1262 1929 vespere
1295 1877 1454 1914 cerua

160 1954 438 2008 Montibus
485 1968 559 2006 ex
593 1958 716 2010 altis
742 1957 812 2009 ad
843 1967 972 2010 nota
1011 1957 1208 2008 cubilia
1255 1954 1433 2007 foetus

156 2047 479 2101 Iamdudum
509 2053 680 2102 teneri
710 2065 918 2103 memor
946 2089 964 2112 ,
1005 2066 1219 2102 omnem
1252 2051 1506 2115 sanguine
1546 2051 1746 2101 circum

156 2142 408 2211 sparsam
438 2143 608 2196 cernit
644 2141 901 2206 humum,
938 2144 1141 2197 catulos
1179 2160 1277 2195 nec
1306 2145 1558 2210 conspicit
1590 2144 1823 2211 vsquam,

163 2237 436 2289 Continuo
475 2233 698 2287 lustrans
736 2236 905 2287 oculis
945 2251 1137 2289 nemus
1178 2253 1337 2288 omne
1377 2245 1625 2305 peragrat

161 2329 306 2383 Cum
350 2332 591 2395 gemituz
624 2343 737 2382 tum
782 2327 924 2395 fiqua
950 2328 1097 2395 lupi,
1137 2329 1280 2397 fiqua
1315 2333 1406 2383 illa
1441 2332 1614 2383 leonis

159 2422 418 2490 Raptoris
449 2421 594 2489 ligna
627 2428 684 2477 in
718 2426 893 2478 triuiis
935 2422 1280 2491 conspexerit
1302 2463 1317 2484 ,
1357 2425 1469 2477 illis

162 2514 465 2585 Insequitur
499 2528 612 2571 tota
651 2514 935 2571 obseruans
963 2516 1181 2583 vestigia
1214 2518 1380 2584 sylua,

160 2609 372 2679 Perque
411 2614 557 2664 viam
591 2611 775 2679 paffim
811 2613 1003 2678 linquit
1047 2613 1183 2678 pede
1217 2612 1358 2679 ligna
1395 2612 1613 2665 bisulco.

160 2701 328 2757 Haud
363 2705 522 2757 aliter
544 2744 562 2766 ,
601 2703 754 2758 fimnl
786 2718 944 2773 atque
976 2708 1100 2772 iugo
1133 2710 1408 2775 prospexit
1438 2709 1495 2759 in
1520 2706 1629 2758 alto

160 2799 335 2851 Collis
377 2797 608 2849 oliuiferi
631 2837 648 2859 ,
689 2800 793 2851 late
831 2804 921 2866 qui
955 2805 1222 2851 maximus
1260 2803 1376 2852 vrbi

164 2890 391 2945 Incubat
419 2894 693 2957 ingentem
723 2893 1043 2943 concursum
1066 2931 1082 2953 ,
1121 2904 1178 2944 et
1211 2894 1385 2945 lucida
1423 2896 1624 2945 circum

161 2985 525 3053 Spiculaque,
562 2986 889 3053 clypeosque
908 3025 926 3047 ,
962 2997 1019 3038 et
1044 2984 1312 3050 fulgentes
1342 2989 1633 3052 equitnm,

164 3081 272 3133 Per
309 3079 516 3132 medies
562 3082 676 3133 ruit
697 3121 715 3142 ,
747 3091 805 3133 et
842 3079 1051 3132 cursum
1082 3090 1238 3131 extra
1271 3083 1483 3132 moenia
1506 3086 1740 3144 torquet.

164 3172 322 3225 Illam
348 3175 650 3243 porticibus
676 3166 936 3238 sperant,
973 3174 1203 3239 altisque
1235 3172 1475 3227 fenestris

162 3267 377 3328 Effusae
420 3279 620 3322 matres
640 3306 658 3328 ‚
694 3267 853 3335 longe
887 3276 944 3319 ct
978 3263 1299 3321 miserantur
1333 3277 1567 3323 euntem.

965 3359 1015 3414 O
1050 3376 1082 3424 3
1736 3350 1875 3407 Iam·-
