2213 3736
1307 142 1318 173 1

772 175 984 231 liber
1022 176 1162 233 III.
1723 185 1815 242 Ὦ

136 322 251 379 Orsa
280 321 439 391 loqui.
476 335 585 374 non
623 320 840 389 relligio
882 320 1012 376 mihi
1042 338 1182 375 vana
1213 319 1382 376 suasit*

135 418 201 471 Et
232 418 481 478 thalamos
515 415 710 477 oaliss‘e,
748 427 804 469 et
837 417 1157 480 virginitatis
1196 426 1432 469 amorem

138 513 409 565 Aeternum
438 511 636 571 colere.
673 488 814 561 inlus
849 513 959 575 agit
989 512 1069 562 vis
1100 508 1330 563 aetheris
1372 512 1534 571 intua,

138 604 461 685 Longaeuam
486 602 733 669 responsa
755 603 881 657 licet
914 606 1433 681 ’contraria-*matrem

142 699 449 757 sollicitent,
487 706 771 763 vatumque
811 702 1021 760 minae,
1056 698 1174 751 sunt
1205 709 1257 751 et
1288 714 1408 752 mea
1444 707 1628 752 contra

147 788 474 857 Vatqmiussa
518 788 647 841 mihi
672 829 688 852 ,
728 794 863 844 nulli
903 793 1237 847 succumbere
1280 794 1403 852 labi,

145 881 304 937 Nullis
341 885 635 948 virgineam
677 885 843 938 taedis
884 882 1212 939 summittere
1247 897 1502 939 mentem.

142 974 265 1029 Ante
297 988 437 1029 retro
476 978 679 1042 primos
715 989 964 1044 properet
990 981 1263 1032 reuolutus
1299 980 1362 1030 ad
1387 972 1560 1032 »ortua
1607 1018 1618 1022 υ

144 1066 353 1123 Iordanis
377 1109 390 1131 ,
432 1069 704 1137 fistantque
731 1071 846 1144 sups
873 1087 1006 1138 vaga
1035 1072 1199 1124 fidera
1227 1071 1424 1124 cursuS.

144 1159 273 1238 Haec
294 1168 405 1226 ait,
444 1167 604 1231 inque
636 1179 799 1229 genas
835 1165 1086 1219 stillantes
1123 1164 1351 1233 vndique
1384 1162 1632 1219 honestae

143 1253 217 1308 Ex
246 1258 402 1309 oculis
436 1255 586 1319 simul
629 1260 894 1325 incipiunt
931 1260 1224 1326 turgescere
1257 1273 1515 1324 gemmae.
1611 1280 1616 1293 ·

144 1345 247 1401 Nec
274 1367 448 1413 mora,
486 1350 678 1404 deinde
726 1351 861 1403 mihi
900 1352 1168 1406 insinuans
1196 1356 1362 1421 quatit
1390 1354 1499 1403 ima
1533 1361 1760 1423 repente
1803 1368 1808 1373 ¹

146 1440 250 1497 Oisa
272 1441 477 1508 timor,
516 1430 688 1511 genua
716 1460 874 1510 aegra
906 1445 1103 1498 labant.
1134 1461 1244 1497 nox
1274 1445 1507 1512 plurima
1534 1447 1720 1502 oborta

148 1537 271 1589 Ante
303 1538 518 1599 oculos:
560 1548 639 1591 ter
672 1538 780 1591 sum
818 1550 1036 1592 conatus
1070 1553 1240 1605 pauca
1265 1535 1485 1604 profari,

146 1624 247 1683 Ter'
273 1631 514 1707 frustrata
539 1633 662 1686 sono
703 1632 883 1697 lingua
911 1629 1013 1691 est,
1049 1647 1150 1684 nec
1187 1632 1349 1684 verba
1381 1630 1614 1698 sequuta.

148 1721 269 1778 Tum
301 1742 510 1795 quoque
552 1741 661 1777 vox
698 1724 899 1783 audita,
930 1735 1048 1777 toro
1083 1723 1436 1792 thalamisque
1467 1709 1674 1793 paratis

148 1814 315 1873 Parce:
352 1834 529 1876 tamen
561 1817 795 1876 concess‘a
829 1816 923 1872 tibi
966 1818 1229 1871 connubia
1271 1818 1438 1874 serua.

148 1907 345 1980 Exurgo
372 1954 387 1975 ,
426 1925 584 1982 atque
615 1914 794 1968 oculos
825 1912 1130 1966 iamdudum
1166 1915 1224 1962 in
1261 1913 1467 1976 virgine
1496 1912 1639 1978 fixus

151 2000 410 2060 Horrenda
434 2047 447 2068 ‚
488 2009 580 2061 tali
610 2008 731 2060 sum¹
759 2007 975 2060 tandem
1007 2022 1135 2057 voce
1171 2004 1439 2071 loquutus·

153 2095 269 2157 Quis
296 2100 431 2154 mihi
463 2111 514 2154 te
539 2105 688 2169 virgo
726 2103 891 2154 inuito
924 2101 1207 2154 coniunxit
1240 2098 1505 2166 olympo?

155 2183 459 2255 Quistantis
493 2194 629 2263 (non
670 2194 768 2247 hos
808 2196 1056 2262 equidem
1088 2189 1320 2260 quaestui
1359 2189 1714 2261 hymenaeos)

153 2273 463 2340 immeritum
491 2287 759 2353 implicuit
786 2286 1029 2338 monstris
1051 2285 1080 2340 2
1117 2284 1259 2338 haud
1293 2285 1420 2338 talia
1437 2288 1716 2355 quondam

153 2373 408 2444 Praedixit
434 2396 603 2449 puero
640 2381 851 2447 genitor
881 2378 1105 2433 ludibria
1134 2391 1283 2431 vates

155 2466 448 2548 lamsenior
483 2486 636 2530 vates
670 2475 814 2527 idem
835 2511 853 2532 ‚
888 2473 1184 2541 templique
1222 2472 1480 2528 sacerdos,

154 2560 237 2619 Ille
268 2569 481 2642 quidem
511 2580 600 2626 aut
626 2568 801 2622 nullos
842 2565 1136 2629 thalamoS‚
1175 2564 1308 2619 mihi
1341 2569 1494 2622 nulla
1524 2583 1742 2627 manere

158 2656 445 2723 connubia,
485 2671 749 2717 autcerte
789 2661 992 2714 clarum
1017 2660 1133 2713 fore
1169 2677 1257 2713 me
1288 2661 1414 2714 inde
1451 2664 1708 2719 canebat:

157 2744 338 2810 Verum
365 2770 464 2821 age
505 2771 638 2823 quae
676 2757 841 2809 menti
874 2754 1049 2821 surgat
1073 2751 1332 2808 sententia
1364 2756 1609 2822 pandam.

157 2840 573 2918 Quandoquidem
602 2850 775 2917 superi
809 2847 940 2900 mihi
981 2859 1033 2901 te
1075 2849 1335 2910 iunxere,
1373 2848 1458 2901 sed
1489 2852 1651 2906 iidem

159 2936 450 3002 Absterrent
481 2944 726 2997 monstris
749 2982 766 3006 ,
805 2943 936 2995 licet
958 2980 976 3004 ,
1014 2951 1068 2994 et
1102 2958 1235 2993 mox
1266 2942 1423 3010 vsque
1448 2943 1629 3001 licebit

161 3025 461 3100 virgineum
495 3037 687 3102 serues‘
711 3036 900 3102 intaeta
938 3051 1163 3103 corpore
1193 3034 1401 3093 florem.

160 3118 303 3181 Haud
322 3140 513 3184 tamen
551 3131 660 3199 ipse
689 3129 851 3185 aufim
892 3129 1110 3183 iniuss'us
1138 3127 1415 3182 diffoluere
1447 3131 1576 3185 sacri

162 3215 413 3277 Connubii
451 3224 622 3279 vincla
661 3225 790 3288 ista,
826 3223 984 3279 domo
1019 3221 1274 3291 degemus
1315 3226 1522 3283 eadem,

185 3345 193 3354 ·
232 3314 366 3371 Ione.
395 3317 442 3370 I.
736 3298 751 3306 x
1040 3331 1069 3385 1
1720 3305 1837 3378 Ipso

1459 3475 1492 3505 Ψ
