2213 3736
820 198 1034 253 Liber
1071 194 1194 254 IV}
1747 163 1841 269 18}

129 343 338 403 Pascua
372 332 510 397 laeta
551 352 740 398 uocant
778 344 993 397 stabulis
1035 352 1275 399 armenta
1312 345 1547 409 reclusa,

130 440 251 507 Ipse
278 455 471 505 greges
507 438 679 503 pastor
721 440 916 492 nitidos
952 441 1222 493 missurus>
1244 445 1296 492 in
1339 456 1496 506 agros

134 536 406 587 Sortitur:
446 532 680 598 placidas
721 538 896 600 primo
931 535 1060 600 legit
1100 537 1195 588 ilie
1239 537 1482 590 bidentes

136 628 507 681 Diffumerans
533 664 547 687 ‚
588 625 867 693 olidasque·
893 631 1042 682 iubet
1072 620 1258 696 procul
1291 631 1393 682 effe
1424 630 1672 698 capenas.

138 723 380 774 Cernere
405 723 510 771 erit
550 719 776 787 liquidas
810 724 969 789 longe
1003 724 1210 790 fulgere
1245 742 1339 792 per
1372 741 1526 776 auras

137 796 386 880 Corpora
414 800 558 865 clara
592 806 897 878 hominum,
938 820 1128 885 quibus
1165 816 1318 871 atrae
1347 800 1582 871 obnoxia*
1615 819 1776 870 morti

137 910 346 962 Abluet
395 910 730 972 omnipotens
775 922 961 977 pater,
1006 924 1387 980 aeternumque
1429 913 1720 965 manebunt

139 1004 401 1069 Amplius
447 1001 582 1053 haud
627 1020 803 1056 rerum
840 1006 1047 1058 subieEti
1088 1006 1289 1059 cafibus
1330 1010 1472 1060 vilis,

142 1093 325 1148 Nemo
365 1096 516 1147 illam
551 1108 677 1147 ante
707 1098 848 1150 diem
884 1100 1053 1165 speret
1090 1117 1210 1153 cum
1239 1117 1462 1168 corpore
1499 1100 1643 1151 sedes

144 1191 404 1244 Aetheris
432 1227 447 1249 ‚
486 1194 727 1256 exceptis
773 1196 983 1257 pauciS,
1025 1209 1156 1260 quos
1196 1196 1301 1261 ipse
1345 1192 1619 1261 sepulchro

145 1285 442 1351 Exurgens
485 1283 655 1339 secum
701 1284 899 1352 superis
938 1287 1085 1339 Deus
1130 1287 1345 1359 inuehet
1385 1290 1510 1340 oris.

148 1379 315 1432 Solae
347 1381 556 1453 animae
591 1379 793 1429 interea
826 1378 921 1427 tali
959 1377 1180 1430 statione
1221 1381 1480 1435 fruentur.

149 1474 356 1526 Contra
388 1484 565 1525 autem
597 1469 769 1521 sontes
802 1470 1035 1521 tenebris
1056 1510 1072 1532 ,
1112 1488 1171 1523 ac
1207 1474 1352 1525 noc'te
1392 1486 1702 1540 prementur

106 1562 109 1565 ¹
151 1570 398 1622 Aeterna
431 1604 447 1627 ,
484 1576 538 1618 et
576 1567 794 1618 meritas
831 1564 1062 1630 pendent
1103 1580 1200 1632 per
1238 1566 1406 1618 secula
1443 1584 1660 1633 poena&

157 1663 356 1716 Omnia
396 1677 527 1727 quae
556 1660 666 1710 sera
709 1670 879 1726 nuper
921 1658 1056 1710 mihi
1095 1661 1245 1712 noete
1285 1658 1521 1724 canebat,

156 1758 300 1810 Cum
329 1764 487 1820 caput
525 1751 685 1818 ipfius
717 1755 772 1805 in
810 1758 1019 1818 gremio
1056 1772 1305 1809 moerore
1340 1767 1619 1822 grauatum

154 1851 285 1907 Vna
317 1849 506 1902 eadem
540 1846 856 1900 accumbens
879 1848 1106 1916 sponda,
1147 1849 1502 1917 admotusque
1535 1851 1794 1918 loquenti,

159 1946 342 2011 Saepe
376 1944 718 2001 reclinarem,
760 1942 942 1994 moesti
983 1944 1214 1995 solamen
1249 1948 1464 1996 amoris,

163 2040 310 2102 Quid
351 2049 625 2103 repetam,
665 2051 799 2102 quae
843 2037 995 2102 saepe
1046 2041 1165 2102 vagi
1201 2036 1439 2089 Iordanis
1474 2036 1541 2088 ad
1582 2036 1748 2094 vndas

164 2134 417 2187 Ediderit
439 2131 467 2184 2
506 2146 641 2196 quae
674 2130 900 2183 luffaeae
942 2132 1031 2188 sub
1067 2132 1337 2183 montibus
1371 2133 1515 2191 altiS,

166 2225 332 2279 Nunc
365 2226 537 2277 caecis
578 2240 703 2276 vera
750 2227 1031 2280 inuoluens
1066 2226 1377 2290 ambagibus
1408 2224 1576 2285 ‘vltro,

171 2317 336 2372 Nunc
379 2316 653 2371 manifesta
688 2318 867 2383 palam
899 2318 1040 2370 claro
1073 2320 1314 2372 sermone
1351 2317 1626 2382 loquutus;

170 2414 322 2466 Dum
351 2413 539 2479 populi
567 2411 949 2463 circumsistunt
974 2450 990 2472 ,
1029 2411 1327 2479 stipantque
1362 2410 1713 2487 frequentes?

173 2505 339 2559 Nunc
384 2506 434 2556 se
460 2506 784 2572 principium
831 2522 1012 2558 rerum
1038 2544 1054 2567 ‚
1089 2506 1361 2571 finemque
1394 2505 1638 2566 canebat,

176 2600 340 2655 Nunc
392 2602 508 2653 veri
547 2600 747 2651 fontem
771 2639 789 2662 ,
840 2611 998 2667 atque
1038 2598 1314 2653 hominum
1359 2598 1677 2664 lucemque,
1712 2601 1886 2655 viam.

1024 2707 1145 2761 que.

179 2785 301 2839 Nos
337 2786 662 2844 fortunatam
688 2797 1006 2853 prognatam
1037 2785 1138 2837 hoc
1175 2796 1416 2852 tempore
1448 2784 1688 2852 prolem:

140 2893 145 2900 '
182 2880 303 2934 Nos
348 2882 483 2934 felix
514 2883 670 2937 tellus
693 2921 709 2944 ‚
748 2898 848 2933 nos
889 2881 1059 2933 secula
1100 2881 1241 2933 laeta
1275 2882 1485 2934 tulere:

183 2975 366 3030 Nobis
413 2976 651 3027 diuinam
690 2992 910 3037 vocem,
949 2976 1133 3026 diuina
1172 2973 1438 3040 loquentis

184 3070 370 3123 Verba
408 3067 623 3123 haurire
661 3070 767 3122 Dei
801 3071 1026 3137 propius
1061 3068 1214 3134 saepe
1247 3068 1436 3133 obtigit
1471 3072 1607 3121 vnis·

188 3161 406 3222 Scilicet
441 3161 563 3216 hinc
597 3164 772 3226 lustris
811 3166 990 3222 veniet
1024 3149 1327 3216 labentibus
1362 3175 1530 3228 aetaS,

1757 3251 1896 3306 Cum
