2213 3736
318 150 325 159 ἐ
416 166 523 245 5138
712 242 717 275 Ι
808 190 819 197 '
947 207 966 254 ·'
1035 185 1516 248 Christiados

422 323 721 385 Promiffos,
754 331 956 392 atauis,
995 322 1285 400 priscisque
1313 315 1619 400 parentibus
1648 334 1794 403 olim.
1861 402 1884 409 Ι,

422 416 512 470 Ex
560 420 654 472 illo
686 434 881 488 quanta
913 424 1224 479 immensum
1253 436 1499 493 portenta
1535 442 1629 493 per
1666 429 1852 485 orbem
1929 470 1932 475 «

412 509 737 566 Terruerint
771 515 1046 575 hominum
1074 514 1280 589 mentes
1320 521 1670 591 praesagaque
1701 519 1735 571 s
1720 537 1856 587 gna

418 605 634 665 Limina
664 607 787 659 dum
835 612 970 665 vitae
1008 615 1344 679 omnipotens
1368 618 1675 681 attingeret
1687 615 1881 678 infanS,

416 698 602 765 Longa
639 716 916 755 τεηειημειιε
955 704 1027 756 est
1061 723 1229 762 mora.
1269 703 1381 760 Iam
1418 717 1541 760 tunc
1575 706 1761 775 Caspia
1792 726 1949 776 regna

418 790 696 859 Responlis
736 804 909 847 vatum
942 795 1245 869 horrebant.
1287 802 1391 852 iam
1421 795 1580 855 Nilus
1615 811 1668 854 et
1691 806 1873 861 omnis

412 885 694 960 Aegyptus
721 880 1017 963 ττερῒάετε
1058 908 1241 947 omnes
1284 897 1506 948 orientis
1549 907 1604 949 et
1637 896 1810 949 vrbes,

412 977 585 1033 Vestri
621 986 778 1039 etiam
817 983 1086 1043 audierant
1123 986 1348 1054 (livera
1377 987 1449 1039 est
1478 985 1658 1052 fama)
1682 988 1786 1052 per
1823 1003 1937 1047 oras

411 1074 675 1127 Ausonias
713 1079 816 1128 iam
862 1081 968 1129 iam
1015 1089 1295 1133 venturum
1328 1080 1463 1132 lueis
1512 1082 1576 1133 ad
1617 1095 1774 1133 auras

409 1165 666 1222 Inuiftum
699 1185 877 1234 regem
899 1207 913 1228 ,
953 1174 1037 1221 cui
1066 1171 1249 1238 paffim
1288 1173 1500 1226 cederet
1528 1174 1672 1226 orbis

408 1259 733 1326 Regnandus
756 1299 772 1323 ,
811 1265 899 1330 qui
937 1264 988 1315 se
1028 1267 1199 1331 patria
1231 1266 1420 1318 virtute
1454 1276 1727 1332 potentem

408 1354 587 1422 Seque
625 1354 878 1423 suumque
915 1372 1082 1427 genus
1120 1353 1329 1410 sublimi
1370 1359 1851 1428 inferretolympo.

402 1445 509 1499 His
551 1448 766 1500 tandem
798 1461 972 1503 certus
1018 1450 1176 1523 fignis
1212 1467 1312 1518 ego
1343 1434 1575 1514 huminis
1611 1454 1768 1506 instar

400 1537 624 1595 Plenam
663 1554 812 1606 vtero
849 1544 1063 1615 supplex
1098 1544 1330 1611 sponsam
1359 1546 1648 1602 venerabar
1672 1587 1686 1609 ‚
1726 1557 1781 1602 et
1815 1538 1942 1603 vltro

399 1630 677 1687 Parebam.
719 1636 908 1687 vieum
946 1637 1319 1719 grauidae‚59t
1348 1639 1533 1702 diuina
1565 1642 1769 1696 ferebat

400 1723 599 1778 Pocula
636 1727 698 1777 de
734 1727 880 1777 caelo
913 1729 1126 1781 volucer
1152 1743 1298 1797 puer.
1335 1732 1485 1793 illum
1526 1751 1625 1800 ego
1665 1737 1817 1803 saepe
1891 1786 1895 1801 ,

397 1815 687 1873 latrantem
720 1817 1013 1874 thalamum
1050 1824 1323 1882 manifesto
1368 1819 1421 1881 ἰὴ
1458 1829 1660 1883 lumine
1710 1829 1835 1885 vidi.

395 1908 615 1979 Iamque
653 1914 850 1980 optanti
887 1919 1069 1972 animo
1094 1918 1272 1984 'diuirfi
1316 1932 1554 1990 tempora
1579 1935 1758 1990 partus

392 2000 769 2076 Exspestabam
809 2009 1030 2087 ardens,
1068 2012 1153 2066 sed
1197 2012 1337 2081 spem
1385 2031 1535 2070 mora
1570 2019 1753 2086 iniqua
1789 2014 2016 2082 trahebat.

390 2092 464 2150 Et
501 2099 650 2164 lhepe
688 2100 818 2157 haec
860 2106 1051 2169 cupido
1095 2109 1402 2178 repetebam
1439 2109 1645 2183 pestore
1683 2122 1918 2168 mecum:

390 2189 451 2242 Si
493 2193 652 2246 modo
674 2233 692 2262 ,
730 2193 765 2255 fi
800 2194 931 2250 mihi
965 2201 1201 2254 caelestis
1239 2201 1291 2258 se
1317 2202 1591 2255 ostendere
1628 2219 1814 2257 coram
1903 2213 1906 2214 ’

388 2278 517 2339 Non
550 2286 720 2353 fugiat
757 2303 888 2356 puer
921 2302 1042 2345 ante
1073 2293 1245 2347 obitus
1268 2333 1284 2360 ‚
1325 2297 1534 2365 quando
1568 2300 1749 2352 omnia
1787 2298 1852 2351 de
1885 2298 1930 2368 se

385 2375 613 2434 Rettulit
646 2382 753 2447 ipsa
796 2384 931 2437 mihi
967 2390 1116 2455 virgo
1150 2387 1502 2456 pulcherrirna
1541 2407 1686 2446 vera.

384 2469 688 2540 Purpureos
729 2477 892 2537 flores
934 2483 1147 2542 metite,
1186 2492 1239 2535 et
1280 2483 1559 2539 candentia
1597 2486 1760 2556 plena

382 2560 523 2617 Lilia
555 2567 689 2628 ferte
734 2587 939 2633 manu„
973 2575 1206 2627 venienti
1246 2578 1310 2631 ad
1358 2577 1546 2630 limina
1586 2559 1721 2650 lucis

379 2653 534 2710 Dona
575 2672 751 2724 parate
785 2663 934 2728 Deo,
973 2679 1302 2742 puer—umque
1337 2668 1544 2723 inuifite
1583 2687 1784 2737 regem.

382 2746 429 2801 O
464 2752 592 2805 mihi
619 2754 656 2807 fi
699 2771 907 2832 quoque
946 2769 1055 2820 tam
1081 2762 1238 2839 longe
1266 2760 1504 2832 suprema
1532 2764 1766 2818 senestae

376 2840 508 2896 Pars
544 2860 785 2912 maneat,
824 2865 1079 2919 quantum
1121 2861 1326 2920 valeam
1359 2871 1451 2918 tua
1487 2874 1704 2912 cernere
1743 2857 1874 2916 faffl!

376 2934 564 2990 Sanste
602 2956 765 3007 puer,
805 2964 925 3001 cum
962 2950 1161 3005 sublata
1186 2953 1470 3008 formidine
1507 2953 1765 3009 mundum

372 3026 594 3084 Pacabis
617 3073 634 3096 ‚
670 3041 941 3108 patrioque
976 3042 1125 3097 Deus
1145 3049 1406 3115 gegnabis
1440 3049 1682 3114 olympo:

372 3118 511 3177 Tum
550 3142 657 3207 pax
689 3131 827 3185 alma
858 3137 996 3199 colet
1030 3147 1198 3192 terras
1221 3176 1237 3200 ,
1274 3141 1547 3214 pietasque
1570 3178 1584 3201 ,
1625 3139 1884 3209 fidesque,

345 3214 640 3314 ‘Quaeque
662 3224 805 3285 labat
835 3246 974 3287 nunc
1007 3229 1251 3308 relligio,
1291 3243 1447 3304 atque
1481 3234 1751 3310 resurgere
1777 3237 1959 3310 vbique

1906 3326 2033 3384 Iusti-
