2213 3736
821 201 1043 270 Liber
1085 216 1222 270 V
1335 226 1336 237 ¹
1755 232 1848 289 219

135 369 334 423 Arenti
384 351 669 419 admorunt
710 368 990 420 morientis
1034 364 1294 417 arundine
1323 362 1560 429 linguae,

143 448 298 525 Quae
326 462 473 514 simul
506 472 751 513 extremo
787 462 961 512 libans
1007 474 1162 514 tenus
1202 462 1378 525 attigit
1411 474 1523 520 ore,

143 556 396 626 Respuit,
442 568 600 623 atque
628 554 717 606 diu
755 555 914 609 labris
952 554 1143 607 insedit
1175 569 1401 607 amaror.

142 650 359 706 Interea
405 666 597 716 magno
639 649 706 700 lis
742 649 816 700 est
861 662 1049 703 exorta
1077 651 1328 713 tumultu,
1676 659 1704 690 θ

146 746 293 799 Dum
329 749 559 799 tunicam
588 755 713 797 nato
746 747 979 818 genitrix
1013 761 1171 812 quam
1201 754 1425 797 neuerat
1447 743 1590 795 'olim

144 841 345 894 Partiri
380 832 605 894 inter'se
644 839 831 895 famuli
858 843 1150 892 certamine
1186 837 1428 898 tendunt,

141 933 499 1002 Exuuiasque
537 946 741 1001 petunt.
778 934 863 987 sed
903 944 1015 986 erat
1054 950 1164 986 non
1198 933 1367 984 sutilis
1403 933 1516 1001 ipsa

144 1025 366 1091 Vestis,
410 1044 463 1080 et
496 1031 551 1081 in
591 1031 790 1097 parteis
822 1029 944 1082 ideo
985 1044 1093 1083 non
1122 1038 1246 1096 apta
1279 1028 1456 1083 secari.

146 1120 308 1178 Sorte
335 1120 552 1176 trahunt
587 1125 752 1188 igitur
789 1125 1108 1187 concordes}
1146 1123 1212 1175 fic
1260 1121 1376 1174 fore
1422 1117 1689 1187 quondam

148 1216 486 1271 Praedixere
526 1217 654 1269 sacri
698 1218 857 1272 corda
885 1210 1024 1272 haud
1057 1216 1361 1286 improuida
1385 1227 1552 1270 vateS.
1579 1253 1585 1259 -

148 1311 375 1380 Iamque
412 1311 530 1364 sere
563 1312 800 1365 medium
840 1315 987 1366 cursu
1031 1315 1311 1365 traiecerat
1347 1310 1553 1371 orbem,

153 1407 294 1461 Cum
325 1406 494 1459 subito
528 1422 648 1457 ecce
692 1408 819 1474 polo
861 1408 1096 1463 tenebris
1134 1415 1292 1471 caput
1327 1406 1521 1456 occulit
1559 1405 1690 1457 ortis

152 1501 253 1555 Sol
293 1501 506 1569 pallens
548 1501 832 1570 medioque
874 1502 960 1555 die
996 1498 1339 1569 (trepidabile
1380 1495 1520 1562 visu)

154 1595 425 1648 Omnibus
464 1599 708 1650 incubuit
741 1615 853 1651 nox
888 1610 1002 1651 orta
1029 1596 1321 1663 nigerrima
1352 1592 1530 1652 terriS,

154 1687 232 1743 Et
275 1687 483 1742 clausus
529 1692 684 1748 latuit
728 1689 894 1743 denfis
935 1694 987 1742 in
1022 1692 1248 1744 nubibus
1286 1684 1468 1740 aether

157 1780 499 1850 Prospestum
540 1787 777 1851 eripiens
813 1786 985 1838 oculis
1029 1786 1345 1840 mortalibus
1381 1795 1618 1842 omnem,

160 1874 273 1929 Hic
307 1879 551 1942 credam,
593 1877 686 1931 nifi
714 1881 862 1936 caelo
895 1880 1058 1935 abfint
1084 1884 1415 1948 gemitusque
1438 1919 1453 1940 ‚
1493 1878 1774 1941 dolorque,

116 1965 122 1971 ’
160 1949 467 2025 Aeternum
499 1977 799 2038 genitorem
842 1978 949 2030 alto
989 1975 1297 2042 ingemuiss’e
1332 1974 1539 2033 dolore,

162 2064 527 2132 Sidet-eosque
572 2069 757 2121 oculos
791 2081 932 2123 terra
971 2069 1219 2124 auertiffe
1251 2067 1495 2119 nefanda.

164 2157 338 2224 Signa
371 2159 583 2226 quidem
629 2163 809 2225 dedit,
845 2176 900 2215 et
928 2143 1122 2218 ludum
1151 2164 1362 2217 testatus
1403 2164 1468 2213 ab
1507 2159 1614 2212 alto
1657 2155 1749 2232 eit.

140 2249 458 2307 'Emicuere
492 2256 681 2319 ignes:
715 2242 929 2308 diffulsit
968 2258 1203 2311 conscius
1258 2255 1462 2318 aether,

172 2344 543 2414 Concussuque
586 2357 730 2401 tonat
756 2349 894 2400 vasto
946 2351 1135 2403 domus
1163 2338 1326 2403 ardua
1358 2350 1579 2414 olympi,

173 2437 251 2492 Et
283 2456 436 2491 caeca
479 2442 787 2493 immensum
819 2452 1134 2509 percurrunt
1169 2437 1441 2496 murmura
1477 2443 1703 2495 caelum.

176 2532 466 2585 Diffiluiffe
505 2547 659 2600 putes
693 2535 875 2587 diuulfi
911 2539 1122 2596 moenia
1156 2538 1355 2591 mundi.

176 2625 290 2678 Sub
329 2627 556 2697 pedibus
595 2632 765 2694 mugit
799 2632 997 2694 telluS,
1036 2632 1143 2684 sola
1184 2634 1320 2685 vasta
1362 2642 1663 2690 mouentur,

174 2720 335 2774 'reeta
375 2723 592 2783 labant,
633 2735 819 2778 nutant
859 2724 1114 2782 succuffae
1147 2732 1344 2781 vertice
1378 2740 1569 2787 turres.

179 2815 507 2884 Obstupuere
543 2818 775 2871 humiles
804 2818 970 2873 subita
997 2821 1286 2890 formidine
1318 2827 1524 2887 genteS,

177 2910 251 2964 Et
293 2911 488 2979 positae
517 2915 773 2966 extremis
806 2903 1075 2966 'terrarum
1111 2917 1353 2982 partibus
1385 2914 1562 2976 vrbeS,

184 3003 354 3058 Causa
391 3007 553 3066 latet,
596 3008 790 3059 cunffis
821 3022 1072 3073 magnum
1110 3025 1169 3059 ac
1205 3009 1447 3058 mirabile
1484 3011 1668 3077 visum,

181 3096 257 3154 Et
285 3101 470 3166 populi
515 3110 756 3152 aeternas
796 3104 993 3154 mundo
1035 3106 1264 3155 timuere
1305 3102 1550 3156 tenebras

182 3193 459 3254 Attoniti,
499 3194 622 3245 dum
658 3192 788 3246 stare
828 3196 1004 3250 vident
1024 3197 1252 3260 caligine
1281 3198 1506 3250 caelum.

177 3285 354 3357 Ipsam
391 3297 568 3347 autem
596 3289 817 3356 propior
855 3289 1200 3357 solymorum
1231 3293 1463 3359 perculit
1487 3295 1692 3348 vrbem·

1807 3392 1888 3444 Ac
