2213 3736
792 197 1014 257 liber
1050 202 1197 260 III.
1759 221 1847 276 133

136 344 307 415 Supra
333 346 587 404 homines
611 387 627 412 ‚
661 349 816 417 ssspra
848 349 1071 417 aspicies
1105 350 1159 403 st
1191 350 1412 414 tollere,
1451 360 1507 407 et
1539 351 1681 420 ipsos

138 440 433 494 Caelicolas
462 444 603 497 fama
639 443 893 511 infignem
918 482 935 506 ,
975 458 1036 495 ac
1068 444 1452 511 praestantibus
1473 447 1649 504 ausis.

141 530 279 587 Nam
313 548 475 603 pater
517 543 857 608 omnipotens
889 549 1168 591 atauorum
1204 543 1259 592 in
1292 541 1492 608 sceptra
1525 550 1752 610 reponet

136 624 356 684 Pristina
382 644 699 697 regnantem
734 634 873 695 late,
911 649 1203 702 regumque
1246 636 1442 689 sedebit

134 719 189 774 In
230 725 397 788 solio,
436 742 611 796 neque
651 730 798 780 enim
829 738 998 780 metas
1022 766 1038 789 ,
1079 745 1251 795 neque
1290 741 1538 797 tempora
1576 731 1731 797 regni

146 817 409 884 Accipiet.
444 828 555 872 toto
598 834 877 873 aeternum
911 820 1269 875 dominabitur
1310 822 1456 875 orbe.

130 908 398 965 Dixerat:
436 913 546 980 ipsa
585 926 760 969 autem
802 915 1059 982 paulatim
1100 918 1331 969 abeunte
1358 919 1555 967 timore

132 1000 365 1058 Subiicio
386 1044 404 1068 ,
444 1004 537 1057 sed'
560 1023 661 1075 qua
696 1025 821 1061 vero
850 1012 1086 1070 ratione,
1125 1010 1264 1076 quod
1313 1009 1509 1074 inquis,

134 1095 357 1154 confieri
389 1104 588 1169 poterit
607 1101 637 1156 2
673 1118 798 1158 nam
836 1118 987 1155 mens
1015 1100 1148 1154 mihi
1175 1100 1403 1170 denique
1431 1101 1546 1153 fixa

135 1184 300 1260 Atque
337 1199 560 1250 immota
601 1202 779 1249 manet
813 1212 1087 1264 nunquam
1123 1196 1331 1249 violare
1371 1194 1632 1263 pudorem

139 1283 452 1354 virgineum
478 1328 495 1352 ,
531 1290 846 1357 semperque
887 1293 1063 1355 virum
1101 1293 1429 1342 commercia
1462 1288 1597 1363 fugi.

136 1378 232 1434 His
259 1397 367 1448 ego
386 1381 632 1439 finieram
674 1386 852 1447 paucis
872 1421 887 1443 ,
926 1381 1010 1435 his
1046 1383 1141 1435 ille
1169 1385 1433 1450 sequutus,

138 1470 212 1530 Te
246 1476 489 1544 superum
527 1486 681 1541 pater
715 1474 914 1529 afflabit
940 1474 1252 1528 caelestibus
1287 1479 1431 1528 auris

137 1566 364 1637 Desuper
387 1609 402 1632 ,
441 1565 624 1636 afflatu
655 1584 759 1635 quo
795 1569 906 1621 §blo
944 1566 1103 1637 plena
1137 1565 1244 1619 fine
1282 1569 1394 1623 vllo

139 1658 420 1733 Concubitu
446 1701 461 1724 ,
499 1661 683 1714 'exaao
718 1667 899 1729 grauis
944 1659 1069 1717 edes
1120 1671 1366 1729 tempore
1401 1674 1635 1732 partum.

137 1750 304 1821 Atque
345 1756 505 1817 ideo,
542 1771 701 1822 quem
736 1756 879 1808 foeta
919 1758 1111 1822 dabis,
1150 1759 1299 1812 Deus
1334 1759 1427 1811 ille
1468 1759 1669 1814 feretur

146 1846 372 1903 Aeterno
409 1852 650 1918 genitore
680 1849 861 1912 ἠως,
898 1856 991 1921 qui
1029 1864 1296 1922 temperat
1336 1855 1538 1908 orbem.

136 1938 275 2003 Quae
310 1962 378 1999 ne
412 1959 548 1997 vana
580 1955 768 2011 puteS,
808 1946 940 2008 seis,
979 1964 1114 2016 quae
1148 1949 1244 2001 tibi
1278 1950 1526 2013 sanguine
1548 1946 1722 2004 inusta
1749 1945 1823 2002 est

137 2030 372 2091 Helisabe
403 2038 596 2092 sobolis
626 2047 681 2089 vt
705 2037 909 2104 degerit
939 2039 1189 2095 haistenus
1223 2058 1404 2102 exow,

139 2123 207 2184 Vt
230 2130 389 2186 sterili
424 2132 576 2184 seclis
611 2135 717 2186 iam
748 2133 945 2200 dudum
980 2136 1177 2189 effoeta
1212 2136 1439 2189 seneclus

139 2219 290 2290 spem
318 2207 857 2281 cunssat‘rrabstulerit
890 2240 1073 2296 partus
1097 2268 1114 2291 ‚
1152 2230 1427 2296 prolisque
1464 2227 1746 2289 creandae,

140 2310 290 2372 Plena
310 2323 424 2373 viro
459 2321 633 2387 pariet
666 2329 841 2373 tamen
889 2323 1013 2381 illa,
1052 2331 1109 2374 et
1157 2332 1398 2387 tempore
1434 2320 1588 2375 Luna

143 2402 360 2467 Perfesto
393 2412 643 2479 grauidae
683 2416 788 2466 iam
819 2414 1029 2468 sextum
1077 2416 1267 2493 circui-t
1307 2413 1510 2470 orbem.

140 2499 314 2560 ennea
342 2507 513 2574 potest
554 2510 753 2561 etenim
785 2547 801 2569 ‚
837 2510 927 2575 qui
965 2523 1053 2560 me
1089 2508 1188 2561 tibi
1223 2511 1385 2562 mittit
1413 2511 1477 2563 ab
1511 2509 1621 2561 alto

140 2596 351 2653 Aethere
381 2599 572 2654 fidei-ei
601 2616 700 2654 rex
739 2600 914 2660 idem,
954 2609 1110 2667 atque
1145 2601 1320 2655 austor
1352 2605 1578 2671 olympi.

140 2684 272 2745 Haec
306 2698 419 2755 ait,
457 2705 512 2748 et
552 2693 769 2761 paribus
802 2694 854 2745 se
888 2694 940 2747 in
990 2696 1195 2746 caelum
1234 2697 1462 2763 proripit
1500 2693 1621 2756 aliS,

140 2781 295 2846 Quem
338 2788 523 2857 supera
557 2784 815 2855 aspiciens
855 2786 946 2838 tali
975 2787 1083 2840 sum
1124 2806 1258 2841 voce
1293 2789 1546 2856 sequuta:

138 2872 364 2947 Quisquis
400 2897 457 2934 es
493 2898 526 2931 o
550 2882 687 2933 caeli
721 2882 978 2932 iuuenum
1019 2879 1382 2948 pulcherrime
1411 2895 1642 2948 praepes

130 2964 422 3041 obsequor,
462 2992 525 3029 ac
556 2977 698 3037 votis
726 2960 863 3041 quod
902 2989 1004 3026 rex
1039 2974 1218 3036 iubet,
1258 2974 1503 3027 omnibus
1540 2983 1686 3043 opta.

138 3053 325 3119 Interea
355 3069 526 3122 nubes
558 3069 822 3130 maculoso
850 3067 1069 3123 discolor
1101 3083 1233 3120 auro
1262 3088 1268 3092 ·

126 3148 350 3214 Demiffa
387 3164 454 3216 ad
491 3167 692 3217 terram
724 3164 928 3215 croceis
969 3177 1060 3213 me
1096 3159 1423 3227 amplectitur
1453 3159 1574 3215 alis.
1623 3218 1638 3223 ,

138 3241 417 3325 Dffl'ulgent
452 3257 596 3316 inm
629 3256 869 3326 radiique
883 3291 902 3319 ‚
941 3257 1160 3323 ignique
1205 3255 1452 3312 coruscae
1657 3339 1729 3399 sc

906 3348 935 3404 1
969 3365 1001 3418 3
1730 3343 1815 3398 in·
