2213 3736
742 175 964 231 Liber
1012 174 1156 227 III.
1691 186 1783 242 143

120 326 335 395 Terque,
372 318 660 394 quaterque
691 316 889 376 sacram
927 321 1093 386 digito
1137 322 1453 373 irrorauerat
1485 304 1649 382 aram,

119 422 342 487 Araeque
359 416 650 486 impolitam
683 415 956 467 flammam
977 455 993 477 ,
1034 428 1088 469 et
1119 415 1319 480 septem
1344 417 1529 467 ordine
1557 416 1780 481 lychnos

121 513 384 580 Linteaque
422 515 635 580 ampla,
660 508 865 578 'quibus
894 510 1158 562 sacrorum
1194 524 1385 560 ara-ana
1420 521 1688 573 teguntur.

122 605 178 660 Et
199 610 297 659 iam
328 607 454 660 finis
491 617 605 661 erat
635 603 822 665 sacriS,
858 601 1117 670 fessusque
1152 605 1390 659 sacerdos

123 701 233 752 Cum
261 704 431 768 gnatis
464 700 685 768 dapibus
716 695 823 763 sese
855 699 1158 763 accingebat
1194 704 1411 764 opimis,

126 791 253 846 Tunc
286 794 473 848 humili
513 786 684 862 gressu
720 796 872 858 virgo
915 795 1155 857 procedit
1184 794 1248 845 ad
1288 805 1435 845 aram

121 885 354 941 Infantem
380 890 535 942 laeua
558 890 761 955 gestans
779 926 797 949 ,
833 886 1127 953 dextraque
1161 886 1418 939 volucreS.

122 977 238 1039 Quid
267 992 588 1045 memorem,
627 999 759 1051 qnae
799 979 940 1045 figna
979 982 1100 1046 polo
1134 992 1282 1046 pater
1305 982 1467 1033 edidit
1492 983 1600 1035 alto

122 1067 331 1126 Testatus
376 1093 559 1128 veram
597 1077 828 1128 sobolem
850 1075 878 1128 2
916 1088 1166 1143 quantum
1199 1075 1298 1140 ipse
1328 1074 1565 1127 sacerdos

123 1163 378 1221 Hei-ruerit
414 1174 567 1234 pueri
607 1168 884 1236 adspefftu?
920 1184 1081 1236 quam
1118 1173 1250 1221 mira
1291 1184 1509 1235 repente

123 1256 309 1322 Ignibus}
345 1264 568 1316 insolitis
607 1265 705 1316 lux
740 1263 1143 1317 circumfulserit
1177 1264 1367 1327 aram?

122 1350 207 1406 Ter
237 1357 384 1409 thura
416 1357 663 1409 accensos
702 1372 962 1410 venerans
992 1360 1218 1409 coniecit
1252 1359 1305 1407 in
1348 1358 1516 1421 igneS,

122 1444 207 1500 Ter
226 1451 440 1504 subiefta
476 1450 624 1503 tholo
662 1449 832 1501 subito
873 1452 1063 1516 ingens
1097 1450 1312 1501 flamma
1348 1451 1567 1501 reluxit.

122 1540 201 1594 Ille
227 1555 396 1596 tamen
438 1544 580 1594 collo
624 1543 794 1606 patrio
827 1541 895 1593 de
927 1557 1076 1594 more
1115 1544 1354 1594 volucres

121 1632 338 1690 Immolat
371 1640 605 1696 intorte,
639 1647 796 1702 atque
826 1635 1102 1689 effundens
1124 1642 1247 1693 ,rite
1288 1651 1556 1696 cruorem,

124 1726 319 1784 Porticit
352 1744 407 1783 et
444 1731 651 1796 plumas
674 1769 690 1790 ‚
733 1742 787 1781 et
820 1732 984 1794 aperti
1018 1734 1249 1795 gutturis
1276 1743 1402 1783 exta
1595 1713 1601 1718 ⁴

124 1818 240 1875 Solis
276 1825 339 1877 ab
371 1824 552 1878 occasu
592 1822 786 1876 nitidos
820 1826 1102 1877 conuersus
1134 1824 1199 1877 ad
1232 1834 1401 1887 ortus,

124 1911 472 1985 Diffringitque
514 1918 645 1970 alas.
674 1929 789 1968 tum
829 1916 1001 1970 sacros
1016 1918 1246 1983 suggerit
1279 1922 1432 1984 ignes

126 2002 414 2063 Visceribus,
454 2024 609 2075 grato
648 2027 805 2078 vapor
832 2014 876 2063 it
905 2009 1059 2078 super
1092 2011 1309 2065 aethera
1346 2014 1511 2075 sumo,

126 2100 305 2169 Araque
334 2104 638 2157 Panchaeos
666 2106 895 2170 flagrans
929 2106 1147 2159 exhalat
1176 2107 1383 2158 odores,

124 2188 236 2247 Ecce
271 2195 548 2249 hominum
583 2199 749 2252 subito
785 2195 1062 2254 turbantur
1093 2202 1301 2267 pec‘tora
1337 2200 1474 2251 casu.

124 2282 306 2343 Nomen
349 2294 433 2343 aui
468 2290 691 2344 Simeon
725 2293 961 2345 referens
996 2308 1112 2347 erat
1138 2295 1329 2348 oblitus
1370 2297 1546 2358 anniS,

124 2377 219 2440 Quo
240 2367 396 2439 neruo
436 2398 545 2440 tota
582 2387 706 2438 vrbe
737 2385 839 2438 suit
877 2386 1172 2442 seruantior
1208 2392 1381 2457 aequi.

124 2468 269 2540 Huic,
306 2490 360 2532 vt
398 2492 514 2534 erat
550 2480 719 2545 longe>
742 2485 949 2532 venturi
990 2481 1283 2547 praescius,
1323 2482 1456 2534 olim

124 2565 361 2625 Athe'reae
393 2576 475 2625 vis
510 2578 845 2639 omnipotens
873 2576 1186 2641 promiserat
1212 2594 1373 2630 aurae

125 2655 342 2719 Visurum
378 2666 486 2722 sese
529 2681 650 2722 ante
676 2669 887 2730 Deum,
928 2679 1274 2737 autoremque
1314 2672 1493 2723 salutis

122 2747 437 2822 Expestatum
471 2766 585 2836 orbi
606 2802 622 2826 ,
662 2779 819 2833 quam
857 2764 990 2816 lucis
1023 2765 1291 2831 linqueret
1324 2778 1497 2816 auras.

122 2843 310 2920 lamque
346 2869 460 2912 erat
496 2858 634 2911 hunc
675 2861 813 2909 vitae
852 2859 1146 2922 pertaesum
1171 2897 1188 2919 ,
1226 2853 1491 2923 aegerque
1508 2830 1725 2910 ff'eneffi

124 2936 323 3006 Optabat
360 2951 521 3003 duros
554 2954 661 3005 leto
696 2951 851 3028 finire
885 2952 1114 3004 labores,

123 3030 213 3088 Sed
241 3040 349 3105 spes
378 3044 472 3096 illa
506 3048 685 3097 animo
724 3046 910 3112 cupido
952 3046 1111 3113 vsque
1152 3043 1320 3096 infixa
1352 3045 1620 3097 manebat.

120 3121 245 3195 Ergo
280 3136 363 3189 vbi
404 3139 577 3191 adesse
608 3139 785 3191 Deum
817 3137 1089 3204 praesensit
1122 3141 1338 3190 numine
1380 3140 1590 3204 pienuS,

124 3218 284 3286 Qualis
318 3233 404 3286 vbi
436 3232 669 3299 greffum
695 3246 789 3300 per
820 3249 977 3300 agros
1010 3233 1290 3289 comitatus
1318 3229 1565 3290 herilem,

1655 3316 1796 3372 For-
