<?xml version="1.0" encoding="UTF-8"?>
<!DOCTYPE html PUBLIC "-//W3C//DTD XHTML 1.0 Transitional//EN"
    "http://www.w3.org/TR/xhtml1/DTD/xhtml1-transitional.dtd">
<html xmlns="http://www.w3.org/1999/xhtml" xml:lang="en" lang="en">
 <head>
  <title>
</title>
<meta http-equiv="Content-Type" content="text/html;charset=utf-8" />
  <meta name='ocr-system' content='tesseract 3.04.00' />
  <meta name='ocr-capabilities' content='ocr_page ocr_carea ocr_par ocr_line ocrx_word'/>
</head>
<body>
  <div class='ocr_page' id='page_1' title='image "./operametricavol00vidagoog_0229.png"; bbox 0 0 2213 3736; ppageno 0'>
   <div class='ocr_carea' id='block_1_1' title="bbox 837 175 1865 239">
    <p class='ocr_par' dir='ltr' id='par_1_1' title="bbox 837 175 1865 239">
     <span class='ocr_line' id='line_1_1' title="bbox 837 175 1865 239; baseline 0.004 -9"><span class='ocrx_word' id='word_1_1' title='bbox 837 175 1048 239; x_wconf 73' lang='lat' dir='ltr'>Liber</span> <span class='ocrx_word' id='word_1_2' title='bbox 1088 179 1157 231; x_wconf 76' lang='lat' dir='ltr'>V.</span> <span class='ocrx_word' id='word_1_3' title='bbox 1777 192 1865 236; x_wconf 76' lang='lat' dir='ltr'>lm</span> 
     </span>
    </p>
   </div>
   <div class='ocr_carea' id='block_1_2' title="bbox 98 312 1861 3392">
    <p class='ocr_par' dir='ltr' id='par_1_2' title="bbox 137 312 1776 397">
     <span class='ocr_line' id='line_1_2' title="bbox 137 312 1776 397; baseline -0.001 -14"><span class='ocrx_word' id='word_1_4' title='bbox 137 328 324 397; x_wconf 83' lang='lat' dir='ltr'>Atque</span> <span class='ocrx_word' id='word_1_5' title='bbox 355 325 535 379; x_wconf 88' lang='lat' dir='ltr'>Deum</span> <span class='ocrx_word' id='word_1_6' title='bbox 575 338 610 374; x_wconf 85' lang='lat' dir='ltr'>e</span> <span class='ocrx_word' id='word_1_7' title='bbox 643 320 847 376; x_wconf 84' lang='lat' dir='ltr'>summo</span> <span class='ocrx_word' id='word_1_8' title='bbox 890 312 1042 378; x_wconf 64' lang='lat' dir='ltr'>tacitl</span> <span class='ocrx_word' id='word_1_9' title='bbox 1080 324 1398 379; x_wconf 73' lang='lat' dir='ltr'>miserantur</span> <span class='ocrx_word' id='word_1_10' title='bbox 1434 326 1676 396; x_wconf 72' lang='lat' dir='ltr'>olympo.</span> <span class='ocrx_word' id='word_1_11' title='bbox 1743 366 1776 395; x_wconf 80' lang='lat'>·-</span> 
     </span>
    </p>

    <p class='ocr_par' dir='ltr' id='par_1_3' title="bbox 138 415 1752 487">
     <span class='ocr_line' id='line_1_3' title="bbox 138 415 1752 487; baseline -0.002 -10"><span class='ocrx_word' id='word_1_12' title='bbox 138 426 320 483; x_wconf 79' lang='lat' dir='ltr'>Sicut,</span> <span class='ocrx_word' id='word_1_13' title='bbox 360 424 447 472; x_wconf 83' lang='lat' dir='ltr'>vbi</span> <span class='ocrx_word' id='word_1_14' title='bbox 478 417 665 470; x_wconf 85' lang='lat' dir='ltr'>inclufi</span> <span class='ocrx_word' id='word_1_15' title='bbox 690 418 854 485; x_wconf 84' lang='lat' dir='ltr'><strong>septis</strong></span> <span class='ocrx_word' id='word_1_16' title='bbox 888 436 1054 470; x_wconf 83' lang='lat' dir='ltr'>vacuo</span> <span class='ocrx_word' id='word_1_17' title='bbox 1084 435 1315 487; x_wconf 83' lang='lat' dir='ltr'>aequore</span> <span class='ocrx_word' id='word_1_18' title='bbox 1346 425 1523 487; x_wconf 85' lang='lat' dir='ltr'>campi</span> <span class='ocrx_word' id='word_1_19' title='bbox 1732 415 1752 432; x_wconf 68' lang='grc'><strong>“</strong></span> 
     </span>
    </p>

    <p class='ocr_par' dir='ltr' id='par_1_4' title="bbox 139 512 1620 591">
     <span class='ocr_line' id='line_1_4' title="bbox 139 512 1620 591; baseline 0 -22"><span class='ocrx_word' id='word_1_20' title='bbox 139 516 250 569; x_wconf 91' lang='lat' dir='ltr'>Pro</span> <span class='ocrx_word' id='word_1_21' title='bbox 297 515 455 566; x_wconf 85' lang='lat' dir='ltr'>laude</span> <span class='ocrx_word' id='word_1_22' title='bbox 502 529 563 563; x_wconf 86' lang='lat' dir='ltr'>ac</span> <span class='ocrx_word' id='word_1_23' title='bbox 600 512 797 565; x_wconf 77' lang='lat' dir='ltr'>decore</span> <span class='ocrx_word' id='word_1_24' title='bbox 839 513 1043 565; x_wconf 74' lang='lat' dir='ltr'>accensi</span> <span class='ocrx_word' id='word_1_25' title='bbox 1071 518 1365 567; x_wconf 81' lang='lat' dir='ltr'>certamina</span> <span class='ocrx_word' id='word_1_26' title='bbox 1398 515 1620 591; x_wconf 71' lang='lat' dir='ltr'>miscent</span> 
     </span>
    </p>

    <p class='ocr_par' dir='ltr' id='par_1_5' title="bbox 141 608 1616 672">
     <span class='ocr_line' id='line_1_5' title="bbox 141 608 1616 672; baseline -0.001 -9"><span class='ocrx_word' id='word_1_27' title='bbox 141 610 297 663; x_wconf 85' lang='lat' dir='ltr'>Inter</span> <span class='ocrx_word' id='word_1_28' title='bbox 337 609 387 659; x_wconf 91' lang='lat' dir='ltr'>se</span> <span class='ocrx_word' id='word_1_29' title='bbox 415 610 657 672; x_wconf 80' lang='lat' dir='ltr'>aequatis</span> <span class='ocrx_word' id='word_1_30' title='bbox 691 611 912 658; x_wconf 81' lang='lat' dir='ltr'>iuuenes</span> <span class='ocrx_word' id='word_1_31' title='bbox 945 608 1050 659; x_wconf 87' lang='lat' dir='ltr'>duo</span> <span class='ocrx_word' id='word_1_32' title='bbox 1083 609 1385 660; x_wconf 84' lang='lat' dir='ltr'>comminus</span> <span class='ocrx_word' id='word_1_33' title='bbox 1428 613 1616 671; x_wconf 54' lang='lat' dir='ltr'>arnust,</span> 
     </span>
    </p>

    <p class='ocr_par' dir='ltr' id='par_1_6' title="bbox 141 700 1791 769">
     <span class='ocr_line' id='line_1_6' title="bbox 141 700 1791 769; baseline 0.003 -14"><span class='ocrx_word' id='word_1_34' title='bbox 141 702 303 756; x_wconf 51' lang='lat' dir='ltr'>Hine*</span> <span class='ocrx_word' id='word_1_35' title='bbox 324 703 517 769; x_wconf 75' lang='lat' dir='ltr'>spestat</span> <span class='ocrx_word' id='word_1_36' title='bbox 546 702 774 767; x_wconf 88' lang='lat' dir='ltr'>procul,</span> <span class='ocrx_word' id='word_1_37' title='bbox 815 712 972 768; x_wconf 86' lang='lat' dir='ltr'>atque</span> <span class='ocrx_word' id='word_1_38' title='bbox 1007 700 1129 753; x_wconf 85' lang='lat' dir='ltr'>hinc</span> <span class='ocrx_word' id='word_1_39' title='bbox 1167 703 1492 755; x_wconf 81' lang='lat' dir='ltr'>circumfusa</span> <span class='ocrx_word' id='word_1_40' title='bbox 1522 705 1791 759; x_wconf 70' lang='lat' dir='ltr'>inuentus.</span> 
     </span>
    </p>

    <p class='ocr_par' dir='ltr' id='par_1_7' title="bbox 141 794 1617 857">
     <span class='ocr_line' id='line_1_7' title="bbox 141 794 1617 857; baseline -0.002 -7"><span class='ocrx_word' id='word_1_41' title='bbox 141 795 288 850; x_wconf 84' lang='lat' dir='ltr'>Tum</span> <span class='ocrx_word' id='word_1_42' title='bbox 321 794 361 847; x_wconf 86' lang='lat' dir='ltr'>fi</span> <span class='ocrx_word' id='word_1_43' title='bbox 390 796 527 848; x_wconf 85' lang='lat' dir='ltr'>forte</span> <span class='ocrx_word' id='word_1_44' title='bbox 560 797 695 848; x_wconf 82' lang='lat' dir='ltr'>alter</span> <span class='ocrx_word' id='word_1_45' title='bbox 736 799 949 857; x_wconf 62' lang='lat' dir='ltr'>minue,</span> <span class='ocrx_word' id='word_1_46' title='bbox 987 811 1049 847; x_wconf 85' lang='lat' dir='ltr'>ac</span> <span class='ocrx_word' id='word_1_47' title='bbox 1081 799 1259 847; x_wconf 77' lang='lat' dir='ltr'>minus</span> <span class='ocrx_word' id='word_1_48' title='bbox 1300 798 1443 849; x_wconf 80' lang='lat' dir='ltr'>vtilis</span> <span class='ocrx_word' id='word_1_49' title='bbox 1465 833 1482 857; x_wconf 88' lang='lat'>,</span> <span class='ocrx_word' id='word_1_50' title='bbox 1521 812 1617 848; x_wconf 90' lang='lat' dir='ltr'>ore</span> 
     </span>
    </p>

    <p class='ocr_par' dir='ltr' id='par_1_8' title="bbox 144 889 1424 956">
     <span class='ocr_line' id='line_1_8' title="bbox 144 889 1424 956; baseline -0.002 -15"><span class='ocrx_word' id='word_1_51' title='bbox 144 889 345 942; x_wconf 85' lang='lat' dir='ltr'>Palluit</span> <span class='ocrx_word' id='word_1_52' title='bbox 367 929 383 951; x_wconf 89' lang='lat'>‚</span> <span class='ocrx_word' id='word_1_53' title='bbox 420 902 512 942; x_wconf 89' lang='lat' dir='ltr'>aut</span> <span class='ocrx_word' id='word_1_54' title='bbox 549 902 693 943; x_wconf 84' lang='lat' dir='ltr'>terra</span> <span class='ocrx_word' id='word_1_55' title='bbox 717 890 910 942; x_wconf 62' lang='lat' dir='ltr'>ceci-&lt;lit</span> <span class='ocrx_word' id='word_1_56' title='bbox 938 891 1191 956; x_wconf 79' lang='lat' dir='ltr'>deceptus</span> <span class='ocrx_word' id='word_1_57' title='bbox 1223 892 1424 956; x_wconf 84' lang='lat' dir='ltr'>iniqua,</span> 
     </span>
    </p>

    <p class='ocr_par' dir='ltr' id='par_1_9' title="bbox 147 981 1542 1050">
     <span class='ocr_line' id='line_1_9' title="bbox 147 981 1542 1050; baseline 0 -12"><span class='ocrx_word' id='word_1_58' title='bbox 147 985 480 1049; x_wconf 82' lang='lat' dir='ltr'>Consurgant</span> <span class='ocrx_word' id='word_1_59' title='bbox 519 981 610 1034; x_wconf 77' lang='lat' dir='ltr'>fidi</span> <span class='ocrx_word' id='word_1_60' title='bbox 645 984 898 1050; x_wconf 83' lang='lat' dir='ltr'>aequales</span> <span class='ocrx_word' id='word_1_61' title='bbox 924 983 1212 1050; x_wconf 85' lang='lat' dir='ltr'>studiisque</span> <span class='ocrx_word' id='word_1_62' title='bbox 1243 983 1542 1049; x_wconf 80' lang='lat' dir='ltr'>sequantur.</span> 
     </span>
    </p>

    <p class='ocr_par' dir='ltr' id='par_1_10' title="bbox 148 1075 1705 1143">
     <span class='ocr_line' id='line_1_10' title="bbox 148 1075 1705 1143; baseline 0.002 -14"><span class='ocrx_word' id='word_1_63' title='bbox 148 1079 322 1142; x_wconf 77' lang='lat' dir='ltr'>Quam</span> <span class='ocrx_word' id='word_1_64' title='bbox 349 1076 585 1136; x_wconf 81' lang='lat' dir='ltr'>vellent,</span> <span class='ocrx_word' id='word_1_65' title='bbox 624 1075 718 1127; x_wconf 78' lang='lat' dir='ltr'>nisi</span> <span class='ocrx_word' id='word_1_66' title='bbox 750 1078 894 1143; x_wconf 66' lang='lat' dir='ltr'>pac&#39;ta</span> <span class='ocrx_word' id='word_1_67' title='bbox 928 1090 1143 1137; x_wconf 78' lang='lat' dir='ltr'>vetent,</span> <span class='ocrx_word' id='word_1_68' title='bbox 1182 1078 1482 1129; x_wconf 82' lang='lat' dir='ltr'>succurrere</span> <span class='ocrx_word' id='word_1_69' title='bbox 1513 1081 1705 1132; x_wconf 78' lang='lat' dir='ltr'>amico.</span> 
     </span>
    </p>

    <p class='ocr_par' dir='ltr' id='par_1_11' title="bbox 146 1172 1695 1237">
     <span class='ocr_line' id='line_1_11' title="bbox 146 1172 1695 1237; baseline 0 -12"><span class='ocrx_word' id='word_1_70' title='bbox 146 1173 309 1225; x_wconf 81' lang='lat' dir='ltr'><strong>Stant</strong></span> <span class='ocrx_word' id='word_1_71' title='bbox 339 1173 523 1236; x_wconf 80' lang='lat' dir='ltr'>aegri,</span> <span class='ocrx_word' id='word_1_72' title='bbox 559 1180 614 1222; x_wconf 81' lang='lat' dir='ltr'>et</span> <span class='ocrx_word' id='word_1_73' title='bbox 657 1172 831 1222; x_wconf 81' lang='lat' dir='ltr'>casum</span> <span class='ocrx_word' id='word_1_74' title='bbox 873 1172 1032 1237; x_wconf 78' lang='lat' dir='ltr'>longe</span> <span class='ocrx_word' id='word_1_75' title='bbox 1067 1174 1695 1231; x_wconf 79' lang='lat' dir='ltr'>execranturacerbum.</span> 
     </span>
    </p>

    <p class='ocr_par' dir='ltr' id='par_1_12' title="bbox 146 1263 1577 1343">
     <span class='ocr_line' id='line_1_12' title="bbox 146 1263 1577 1343; baseline 0.001 -25"><span class='ocrx_word' id='word_1_76' title='bbox 146 1264 309 1318; x_wconf 79' lang='lat' dir='ltr'>Haud</span> <span class='ocrx_word' id='word_1_77' title='bbox 343 1266 491 1317; x_wconf 83' lang='lat' dir='ltr'>secus</span> <span class='ocrx_word' id='word_1_78' title='bbox 531 1263 869 1343; x_wconf 71' lang='lat' dir='ltr'>indefenl‘93‚</span> <span class='ocrx_word' id='word_1_79' title='bbox 908 1269 1132 1319; x_wconf 84' lang='lat' dir='ltr'>inermis</span> <span class='ocrx_word' id='word_1_80' title='bbox 1165 1266 1353 1317; x_wconf 85' lang='lat' dir='ltr'>restitit</span> <span class='ocrx_word' id='word_1_81' title='bbox 1397 1264 1577 1320; x_wconf 84' lang='lat' dir='ltr'>heros.</span> 
     </span>
    </p>

    <p class='ocr_par' dir='ltr' id='par_1_13' title="bbox 146 1356 1852 1433">
     <span class='ocr_line' id='line_1_13' title="bbox 146 1356 1852 1433; baseline 0.002 -20"><span class='ocrx_word' id='word_1_82' title='bbox 146 1359 309 1413; x_wconf 81' lang='lat' dir='ltr'>Illum</span> <span class='ocrx_word' id='word_1_83' title='bbox 346 1358 550 1411; x_wconf 87' lang='lat' dir='ltr'>nudum</span> <span class='ocrx_word' id='word_1_84' title='bbox 574 1356 832 1409; x_wconf 80' lang='lat' dir='ltr'>humeros</span> <span class='ocrx_word' id='word_1_85' title='bbox 854 1395 871 1418; x_wconf 91' lang='lat'>‚</span> <span class='ocrx_word' id='word_1_86' title='bbox 909 1358 1111 1410; x_wconf 85' lang='lat' dir='ltr'>nudum</span> <span class='ocrx_word' id='word_1_87' title='bbox 1145 1375 1303 1410; x_wconf 87' lang='lat' dir='ltr'>omne</span> <span class='ocrx_word' id='word_1_88' title='bbox 1336 1377 1369 1411; x_wconf 85' lang='lat' dir='ltr'>a</span> <span class='ocrx_word' id='word_1_89' title='bbox 1402 1366 1605 1415; x_wconf 75' lang='lat' dir='ltr'>vertice</span> <span class='ocrx_word' id='word_1_90' title='bbox 1638 1377 1852 1433; x_wconf 74' lang='lat' dir='ltr'>corpuS,</span> 
     </span>
    </p>

    <p class='ocr_par' dir='ltr' id='par_1_14' title="bbox 145 1448 1445 1517">
     <span class='ocr_line' id='line_1_14' title="bbox 145 1448 1445 1517; baseline 0.001 -11"><span class='ocrx_word' id='word_1_91' title='bbox 145 1448 418 1509; x_wconf 70' lang='lat' dir='ltr'>Direfflzm</span> <span class='ocrx_word' id='word_1_92' title='bbox 462 1454 624 1517; x_wconf 74' lang='lat' dir='ltr'>longo</span> <span class='ocrx_word' id='word_1_93' title='bbox 659 1451 803 1502; x_wconf 87' lang='lat' dir='ltr'>malo</span> <span class='ocrx_word' id='word_1_94' title='bbox 835 1452 1150 1517; x_wconf 70' lang='lat' dir='ltr'>applicuere</span> <span class='ocrx_word' id='word_1_95' title='bbox 1187 1453 1445 1508; x_wconf 77' lang='lat' dir='ltr'>furentes,</span> 
     </span>
    </p>

    <p class='ocr_par' dir='ltr' id='par_1_15' title="bbox 143 1544 1612 1614">
     <span class='ocr_line' id='line_1_15' title="bbox 143 1544 1612 1614; baseline 0.001 -14"><span class='ocrx_word' id='word_1_96' title='bbox 143 1544 307 1600; x_wconf 73' lang='lat' dir='ltr'>Nuda</span> <span class='ocrx_word' id='word_1_97' title='bbox 338 1548 531 1599; x_wconf 83' lang='lat' dir='ltr'>dehinc</span> <span class='ocrx_word' id='word_1_98' title='bbox 561 1546 787 1597; x_wconf 86' lang='lat' dir='ltr'>tendunt</span> <span class='ocrx_word' id='word_1_99' title='bbox 826 1546 1121 1598; x_wconf 80' lang='lat' dir='ltr'>transuerso</span> <span class='ocrx_word' id='word_1_100' title='bbox 1159 1545 1406 1599; x_wconf 79' lang='lat' dir='ltr'>bracchia</span> <span class='ocrx_word' id='word_1_101' title='bbox 1445 1550 1612 1614; x_wconf 78' lang='lat' dir='ltr'>ligno,</span> 
     </span>
    </p>

    <p class='ocr_par' dir='ltr' id='par_1_16' title="bbox 145 1636 1430 1708">
     <span class='ocr_line' id='line_1_16' title="bbox 145 1636 1430 1708; baseline 0 -15"><span class='ocrx_word' id='word_1_102' title='bbox 145 1642 475 1707; x_wconf 81' lang='lat' dir='ltr'>Diuersaque</span> <span class='ocrx_word' id='word_1_103' title='bbox 507 1642 691 1692; x_wconf 82' lang='lat' dir='ltr'>ambas</span> <span class='ocrx_word' id='word_1_104' title='bbox 726 1636 945 1707; x_wconf 83' lang='lat' dir='ltr'>affigunt</span> <span class='ocrx_word' id='word_1_105' title='bbox 973 1639 1184 1707; x_wconf 75' lang='lat' dir='ltr'>cuspide</span> <span class='ocrx_word' id='word_1_106' title='bbox 1225 1642 1430 1708; x_wconf 87' lang='lat' dir='ltr'>palmas</span> 
     </span>
    </p>

    <p class='ocr_par' dir='ltr' id='par_1_17' title="bbox 145 1734 1778 1803">
     <span class='ocr_line' id='line_1_17' title="bbox 145 1734 1778 1803; baseline 0.001 -15"><span class='ocrx_word' id='word_1_107' title='bbox 145 1735 291 1788; x_wconf 78' lang='lat' dir='ltr'>Hinc</span> <span class='ocrx_word' id='word_1_108' title='bbox 324 1734 679 1803; x_wconf 78' lang='lat' dir='ltr'>atque-hinc:</span> <span class='ocrx_word' id='word_1_109' title='bbox 718 1753 968 1789; x_wconf 87' lang='lat' dir='ltr'>mucrone</span> <span class='ocrx_word' id='word_1_110' title='bbox 1015 1736 1180 1802; x_wconf 77' lang='lat' dir='ltr'>pedes</span> <span class='ocrx_word' id='word_1_111' title='bbox 1219 1735 1554 1790; x_wconf 79' lang='lat' dir='ltr'>terebrantur</span> <span class='ocrx_word' id='word_1_112' title='bbox 1585 1734 1778 1790; x_wconf 85' lang='lat' dir='ltr'>eodem</span> 
     </span>
    </p>

    <p class='ocr_par' dir='ltr' id='par_1_18' title="bbox 145 1827 1394 1896">
     <span class='ocr_line' id='line_1_18' title="bbox 145 1827 1394 1896; baseline -0.002 -12"><span class='ocrx_word' id='word_1_113' title='bbox 145 1828 395 1884; x_wconf 83' lang='lat' dir='ltr'>Confixi:</span> <span class='ocrx_word' id='word_1_114' title='bbox 428 1830 633 1896; x_wconf 81' lang='lat' dir='ltr'>largum</span> <span class='ocrx_word' id='word_1_115' title='bbox 667 1842 847 1883; x_wconf 85' lang='lat' dir='ltr'>manat</span> <span class='ocrx_word' id='word_1_116' title='bbox 872 1831 936 1881; x_wconf 79' lang='lat' dir='ltr'>de</span> <span class='ocrx_word' id='word_1_117' title='bbox 964 1829 1140 1896; x_wconf 83' lang='lat' dir='ltr'>stipite</span> <span class='ocrx_word' id='word_1_118' title='bbox 1172 1827 1394 1882; x_wconf 85' lang='lat' dir='ltr'>flumen.</span> 
     </span>
    </p>

    <p class='ocr_par' dir='ltr' id='par_1_19' title="bbox 143 1924 1488 1985">
     <span class='ocr_line' id='line_1_19' title="bbox 143 1924 1488 1985; baseline -0.002 -4"><span class='ocrx_word' id='word_1_119' title='bbox 143 1927 347 1981; x_wconf 76' lang='lat' dir='ltr'>Inflant</span> <span class='ocrx_word' id='word_1_120' title='bbox 383 1927 436 1976; x_wconf 86' lang='lat' dir='ltr'>vi</span> <span class='ocrx_word' id='word_1_121' title='bbox 465 1927 632 1977; x_wconf 85' lang='lat' dir='ltr'>multa</span> <span class='ocrx_word' id='word_1_122' title='bbox 654 1965 669 1985; x_wconf 89' lang='lat'><strong>,</strong></span> <span class='ocrx_word' id='word_1_123' title='bbox 708 1926 851 1976; x_wconf 88' lang='lat' dir='ltr'>ferro</span> <span class='ocrx_word' id='word_1_124' title='bbox 884 1925 1055 1976; x_wconf 75' lang='lat' dir='ltr'>‘ardua</span> <span class='ocrx_word' id='word_1_125' title='bbox 1089 1924 1285 1975; x_wconf 87' lang='lat' dir='ltr'>robora</span> <span class='ocrx_word' id='word_1_126' title='bbox 1311 1925 1488 1978; x_wconf 69' lang='lat' dir='ltr'>adasto</span> 
     </span>
    </p>

    <p class='ocr_par' dir='ltr' id='par_1_20' title="bbox 141 2017 1514 2087">
     <span class='ocr_line' id='line_1_20' title="bbox 141 2017 1514 2087; baseline -0.003 -13"><span class='ocrx_word' id='word_1_127' title='bbox 141 2022 290 2074; x_wconf 83' lang='lat' dir='ltr'>Dant</span> <span class='ocrx_word' id='word_1_128' title='bbox 320 2024 619 2086; x_wconf 71' lang='lat' dir='ltr'>gemitumt</span> <span class='ocrx_word' id='word_1_129' title='bbox 655 2019 838 2070; x_wconf 85' lang='lat' dir='ltr'>reboat</span> <span class='ocrx_word' id='word_1_130' title='bbox 871 2018 989 2069; x_wconf 89' lang='lat' dir='ltr'>diro</span> <span class='ocrx_word' id='word_1_131' title='bbox 1032 2017 1255 2070; x_wconf 85' lang='lat' dir='ltr'>stridore</span> <span class='ocrx_word' id='word_1_132' title='bbox 1297 2018 1514 2087; x_wconf 79' lang='lat' dir='ltr'>supinus</span> 
     </span>
    </p>

    <p class='ocr_par' dir='ltr' id='par_1_21' title="bbox 141 2114 1694 2181">
     <span class='ocr_line' id='line_1_21' title="bbox 141 2114 1694 2181; baseline -0.001 -12"><span class='ocrx_word' id='word_1_133' title='bbox 141 2115 303 2169; x_wconf 79' lang='lat' dir='ltr'>Mons</span> <span class='ocrx_word' id='word_1_134' title='bbox 339 2128 537 2165; x_wconf 76' lang='lat' dir='ltr'>curcum</span> <span class='ocrx_word' id='word_1_135' title='bbox 568 2115 938 2177; x_wconf 77' lang='lat' dir='ltr'>ingeminan3‚</span> <span class='ocrx_word' id='word_1_136' title='bbox 981 2114 1214 2181; x_wconf 64' lang='lat' dir='ltr'>lausque</span> <span class='ocrx_word' id='word_1_137' title='bbox 1239 2114 1464 2166; x_wconf 82' lang='lat' dir='ltr'>resultat</span> <span class='ocrx_word' id='word_1_138' title='bbox 1495 2115 1694 2178; x_wconf 81' lang='lat' dir='ltr'>imago.</span> 
     </span>
    </p>

    <p class='ocr_par' dir='ltr' id='par_1_22' title="bbox 140 2208 1706 2274">
     <span class='ocr_line' id='line_1_22' title="bbox 140 2208 1706 2274; baseline -0.005 -11"><span class='ocrx_word' id='word_1_139' title='bbox 140 2210 283 2263; x_wconf 85' lang='lat' dir='ltr'>Tum</span> <span class='ocrx_word' id='word_1_140' title='bbox 320 2209 472 2274; x_wconf 81' lang='lat' dir='ltr'>supra</span> <span class='ocrx_word' id='word_1_141' title='bbox 505 2211 665 2273; x_wconf 79' lang='lat' dir='ltr'>caput</span> <span class='ocrx_word' id='word_1_142' title='bbox 701 2218 754 2258; x_wconf 90' lang='lat' dir='ltr'>et</span> <span class='ocrx_word' id='word_1_143' title='bbox 781 2219 1014 2268; x_wconf 80' lang='lat' dir='ltr'>nomen3</span> <span class='ocrx_word' id='word_1_144' title='bbox 1048 2210 1418 2274; x_wconf 79' lang='lat' dir='ltr'>patriamque,</span> <span class='ocrx_word' id='word_1_145' title='bbox 1455 2208 1706 2273; x_wconf 84' lang='lat' dir='ltr'>necisque</span> 
     </span>
    </p>

    <p class='ocr_par' dir='ltr' id='par_1_23' title="bbox 98 2298 1381 2370">
     <span class='ocr_line' id='line_1_23' title="bbox 98 2298 1381 2370; baseline -0.005 -14"><span class='ocrx_word' id='word_1_146' title='bbox 98 2340 111 2348; x_wconf 77' lang='lat'><em>,</em></span> <span class='ocrx_word' id='word_1_147' title='bbox 140 2302 462 2370; x_wconf 78' lang='lat' dir='ltr'>Inscripsere</span> <span class='ocrx_word' id='word_1_148' title='bbox 494 2304 638 2353; x_wconf 83' lang='lat' dir='ltr'>notis</span> <span class='ocrx_word' id='word_1_149' title='bbox 671 2303 836 2350; x_wconf 78' lang='lat' dir='ltr'>variis</span> <span class='ocrx_word' id='word_1_150' title='bbox 870 2301 928 2350; x_wconf 89' lang='lat' dir='ltr'>in</span> <span class='ocrx_word' id='word_1_151' title='bbox 951 2298 1127 2370; x_wconf 79' lang='lat' dir='ltr'>stipite</span> <span class='ocrx_word' id='word_1_152' title='bbox 1159 2301 1381 2353; x_wconf 85' lang='lat' dir='ltr'>causam.</span> 
     </span>
    </p>

    <p class='ocr_par' dir='ltr' id='par_1_24' title="bbox 141 2392 1703 2461">
     <span class='ocr_line' id='line_1_24' title="bbox 141 2392 1703 2461; baseline -0.003 -10"><span class='ocrx_word' id='word_1_153' title='bbox 141 2398 357 2451; x_wconf 84' lang='lat' dir='ltr'>Dextra</span> <span class='ocrx_word' id='word_1_154' title='bbox 386 2407 565 2447; x_wconf 82' lang='lat' dir='ltr'>autem</span> <span class='ocrx_word' id='word_1_155' title='bbox 586 2434 600 2452; x_wconf 89' lang='lat'>,</span> <span class='ocrx_word' id='word_1_156' title='bbox 638 2394 895 2461; x_wconf 86' lang='lat' dir='ltr'>laeuaque</span> <span class='ocrx_word' id='word_1_157' title='bbox 920 2394 1057 2447; x_wconf 82' lang='lat' dir='ltr'>duos</span> <span class='ocrx_word' id='word_1_158' title='bbox 1088 2397 1306 2461; x_wconf 85' lang='lat' dir='ltr'>gemina</span> <span class='ocrx_word' id='word_1_159' title='bbox 1339 2392 1527 2445; x_wconf 86' lang='lat' dir='ltr'>arbore</span> <span class='ocrx_word' id='word_1_160' title='bbox 1561 2392 1703 2446; x_wconf 75' lang='lat' dir='ltr'>fixos·</span> 
     </span>
    </p>

    <p class='ocr_par' dir='ltr' id='par_1_25' title="bbox 144 2489 1612 2555">
     <span class='ocr_line' id='line_1_25' title="bbox 144 2489 1612 2555; baseline -0.004 -10"><span class='ocrx_word' id='word_1_161' title='bbox 144 2490 482 2545; x_wconf 66' lang='lat' dir='ltr'>Addida-ant</span> <span class='ocrx_word' id='word_1_162' title='bbox 510 2491 712 2549; x_wconf 75' lang='lat' dir='ltr'>socioS,</span> <span class='ocrx_word' id='word_1_163' title='bbox 751 2504 884 2555; x_wconf 88' lang='lat' dir='ltr'>quos</span> <span class='ocrx_word' id='word_1_164' title='bbox 923 2489 993 2540; x_wconf 90' lang='lat' dir='ltr'>ob</span> <span class='ocrx_word' id='word_1_165' title='bbox 1032 2489 1302 2541; x_wconf 76' lang='lat' dir='ltr'>commifl‘a</span> <span class='ocrx_word' id='word_1_166' title='bbox 1344 2500 1612 2541; x_wconf 83' lang='lat' dir='ltr'>merentes</span> 
     </span>
    </p>

    <p class='ocr_par' dir='ltr' id='par_1_26' title="bbox 142 2582 1744 2651">
     <span class='ocr_line' id='line_1_26' title="bbox 142 2582 1744 2651; baseline 0.001 -15"><span class='ocrx_word' id='word_1_167' title='bbox 142 2584 328 2651; x_wconf 79' lang='lat' dir='ltr'>Leges</span> <span class='ocrx_word' id='word_1_168' title='bbox 368 2584 687 2649; x_wconf 75' lang='lat' dir='ltr'>supplicium</span> <span class='ocrx_word' id='word_1_169' title='bbox 726 2583 793 2634; x_wconf 86' lang='lat' dir='ltr'>ad</span> <span class='ocrx_word' id='word_1_170' title='bbox 834 2583 1023 2635; x_wconf 83' lang='lat' dir='ltr'>iustum</span> <span class='ocrx_word' id='word_1_171' title='bbox 1047 2624 1060 2644; x_wconf 90' lang='lat'>‚</span> <span class='ocrx_word' id='word_1_172' title='bbox 1101 2597 1436 2651; x_wconf 83' lang='lat' dir='ltr'>poenamque</span> <span class='ocrx_word' id='word_1_173' title='bbox 1472 2582 1744 2637; x_wconf 80' lang='lat' dir='ltr'>vocabant.</span> 
     </span>
    </p>

    <p class='ocr_par' dir='ltr' id='par_1_27' title="bbox 144 2660 1767 2745">
     <span class='ocr_line' id='line_1_27' title="bbox 144 2660 1767 2745; baseline -0.002 -12"><span class='ocrx_word' id='word_1_174' title='bbox 144 2678 356 2733; x_wconf 84' lang='lat' dir='ltr'>Verum</span> <span class='ocrx_word' id='word_1_175' title='bbox 405 2678 577 2745; x_wconf 87' lang='lat' dir='ltr'>ipsum</span> <span class='ocrx_word' id='word_1_176' title='bbox 609 2660 977 2732; x_wconf 62' lang='lat' dir='ltr'>amborunr‘in</span> <span class='ocrx_word' id='word_1_177' title='bbox 1010 2678 1189 2729; x_wconf 85' lang='lat' dir='ltr'>medio</span> <span class='ocrx_word' id='word_1_178' title='bbox 1231 2681 1390 2743; x_wconf 88' lang='lat' dir='ltr'>longe</span> <span class='ocrx_word' id='word_1_179' title='bbox 1414 2678 1575 2729; x_wconf 87' lang='lat' dir='ltr'>altius</span> <span class='ocrx_word' id='word_1_180' title='bbox 1609 2678 1767 2730; x_wconf 82' lang='lat' dir='ltr'>arbos</span> 
     </span>
    </p>

    <p class='ocr_par' dir='ltr' id='par_1_28' title="bbox 142 2769 1673 2831">
     <span class='ocr_line' id='line_1_28' title="bbox 142 2769 1673 2831; baseline 0.001 -8"><span class='ocrx_word' id='word_1_181' title='bbox 142 2769 465 2831; x_wconf 83' lang='lat' dir='ltr'>Extulerat,</span> <span class='ocrx_word' id='word_1_182' title='bbox 503 2770 669 2822; x_wconf 76' lang='lat' dir='ltr'>veluti</span> <span class='ocrx_word' id='word_1_183' title='bbox 704 2772 960 2824; x_wconf 81' lang='lat' dir='ltr'>scelernm</span> <span class='ocrx_word' id='word_1_184' title='bbox 994 2772 1310 2824; x_wconf 83' lang='lat' dir='ltr'>exhortator</span> <span class='ocrx_word' id='word_1_185' title='bbox 1333 2785 1366 2831; x_wconf 68' lang='grc'>,’</span> <span class='ocrx_word' id='word_1_186' title='bbox 1387 2781 1440 2823; x_wconf 83' lang='lat' dir='ltr'>et</span> <span class='ocrx_word' id='word_1_187' title='bbox 1479 2773 1673 2826; x_wconf 63' lang='lat' dir='ltr'>auilor.</span> 
     </span>
    </p>

    <p class='ocr_par' dir='ltr' id='par_1_29' title="bbox 147 2864 1517 2930">
     <span class='ocr_line' id='line_1_29' title="bbox 147 2864 1517 2930; baseline -0.002 -11"><span class='ocrx_word' id='word_1_188' title='bbox 147 2866 261 2919; x_wconf 84' lang='lat' dir='ltr'>Ant</span> <span class='ocrx_word' id='word_1_189' title='bbox 297 2865 453 2917; x_wconf 79' lang='lat' dir='ltr'>furtis</span> <span class='ocrx_word' id='word_1_190' title='bbox 488 2864 627 2916; x_wconf 89' lang='lat' dir='ltr'>soret</span> <span class='ocrx_word' id='word_1_191' title='bbox 658 2878 782 2917; x_wconf 81' lang='lat' dir='ltr'>ante</span> <span class='ocrx_word' id='word_1_192' title='bbox 818 2866 952 2915; x_wconf 82' lang='lat' dir='ltr'>alios</span> <span class='ocrx_word' id='word_1_193' title='bbox 995 2868 1283 2916; x_wconf 74' lang='lat' dir='ltr'>immanior</span> <span class='ocrx_word' id='word_1_194' title='bbox 1309 2880 1517 2930; x_wconf 70' lang='lat' dir='ltr'>omnes.</span> 
     </span>
    </p>

    <p class='ocr_par' dir='ltr' id='par_1_30' title="bbox 146 2953 1374 3027">
     <span class='ocr_line' id='line_1_30' title="bbox 146 2953 1374 3027; baseline 0 -18"><span class='ocrx_word' id='word_1_195' title='bbox 146 2955 351 3010; x_wconf 77' lang='lat' dir='ltr'>Infelix</span> <span class='ocrx_word' id='word_1_196' title='bbox 384 2955 602 3021; x_wconf 80' lang='lat' dir='ltr'>Solyma</span> <span class='ocrx_word' id='word_1_197' title='bbox 622 2996 639 3018; x_wconf 90' lang='lat'><em>,</em></span> <span class='ocrx_word' id='word_1_198' title='bbox 677 2957 872 3009; x_wconf 80' lang='lat' dir='ltr'>infelix</span> <span class='ocrx_word' id='word_1_199' title='bbox 906 2953 1102 3011; x_wconf 84' lang='lat' dir='ltr'>Iudaea</span> <span class='ocrx_word' id='word_1_200' title='bbox 1136 2976 1374 3027; x_wconf 76' lang='lat' dir='ltr'>propago</span> 
     </span>
    </p>

    <p class='ocr_par' dir='ltr' id='par_1_31' title="bbox 148 3048 1519 3121">
     <span class='ocr_line' id='line_1_31' title="bbox 148 3048 1519 3121; baseline 0.001 -19"><span class='ocrx_word' id='word_1_201' title='bbox 148 3049 309 3103; x_wconf 85' lang='lat' dir='ltr'>Vltro</span> <span class='ocrx_word' id='word_1_202' title='bbox 347 3051 533 3103; x_wconf 82' lang='lat' dir='ltr'>infesta</span> <span class='ocrx_word' id='word_1_203' title='bbox 574 3049 719 3117; x_wconf 74' lang='grc' dir='ltr'>ρίἰς,</span> <span class='ocrx_word' id='word_1_204' title='bbox 759 3067 863 3104; x_wconf 91' lang='lat' dir='ltr'>non</span> <span class='ocrx_word' id='word_1_205' title='bbox 912 3048 1035 3118; x_wconf 71' lang='grc' dir='ltr'>ἱρῆς</span> <span class='ocrx_word' id='word_1_206' title='bbox 1062 3051 1286 3120; x_wconf 46' lang='lat' dir='ltr'>&#39;&#39;t-*atibus</span> <span class='ocrx_word' id='word_1_207' title='bbox 1331 3061 1519 3121; x_wconf 80' lang='lat' dir='ltr'>aequa,</span> 
     </span>
    </p>

    <p class='ocr_par' dir='ltr' id='par_1_32' title="bbox 147 3137 1772 3214">
     <span class='ocr_line' id='line_1_32' title="bbox 147 3137 1772 3214; baseline 0.002 -19"><span class='ocrx_word' id='word_1_208' title='bbox 147 3143 304 3195; x_wconf 83' lang='lat' dir='ltr'>Haec</span> <span class='ocrx_word' id='word_1_209' title='bbox 336 3145 496 3211; x_wconf 76' lang='lat' dir='ltr'>digna</span> <span class='ocrx_word' id='word_1_210' title='bbox 522 3142 746 3210; x_wconf 78' lang='lat' dir='ltr'>hospitia</span> <span class='ocrx_word' id='word_1_211' title='bbox 770 3185 784 3206; x_wconf 89' lang='lat'>‚</span> <span class='ocrx_word' id='word_1_212' title='bbox 823 3145 920 3197; x_wconf 86' lang='lat' dir='ltr'>has</span> <span class='ocrx_word' id='word_1_213' title='bbox 964 3139 1218 3212; x_wconf 82' lang='lat' dir='ltr'>sedesque</span> <span class='ocrx_word' id='word_1_214' title='bbox 1243 3184 1259 3206; x_wconf 92' lang='lat'>‚</span> <span class='ocrx_word' id='word_1_215' title='bbox 1297 3155 1546 3214; x_wconf 75' lang='lat' dir='ltr'>torosque</span> <span class='ocrx_word' id='word_1_216' title='bbox 1574 3137 1772 3211; x_wconf 76' lang='lat' dir='ltr'>parasti</span> 
     </span>
    </p>

    <p class='ocr_par' dir='ltr' id='par_1_33' title="bbox 145 3237 1861 3392">
     <span class='ocr_line' id='line_1_33' title="bbox 145 3237 1790 3303; baseline -0.001 -12"><span class='ocrx_word' id='word_1_217' title='bbox 145 3237 482 3291; x_wconf 82' lang='lat' dir='ltr'>Caelicolum</span> <span class='ocrx_word' id='word_1_218' title='bbox 513 3242 631 3303; x_wconf 72' lang='lat' dir='ltr'>regi</span> <span class='ocrx_word' id='word_1_219' title='bbox 652 3239 683 3298; x_wconf 70' lang='lat'><em>3</em></span> <span class='ocrx_word' id='word_1_220' title='bbox 719 3238 817 3291; x_wconf 82' lang='lat' dir='ltr'>hos</span> <span class='ocrx_word' id='word_1_221' title='bbox 856 3240 1052 3298; x_wconf 79' lang='lat' dir='ltr'>socios,</span> <span class='ocrx_word' id='word_1_222' title='bbox 1092 3238 1410 3293; x_wconf 77' lang='lat' dir='ltr'>huucaddis</span> <span class='ocrx_word' id='word_1_223' title='bbox 1441 3240 1726 3300; x_wconf 76' lang='lat' dir='ltr'>honorem,</span> <span class='ocrx_word' id='word_1_224' title='bbox 1781 3243 1790 3248; x_wconf 81' lang='grc'><strong>’</strong></span> 
     </span>
     <span class='ocr_line' id='line_1_34' title="bbox 971 3328 1861 3392; baseline 0.001 -9"><span class='ocrx_word' id='word_1_225' title='bbox 971 3331 1019 3383; x_wconf 90' lang='grc' dir='ltr'>Ο</span> <span class='ocrx_word' id='word_1_226' title='bbox 1056 3349 1089 3386; x_wconf 81' lang='lat'>2</span> <span class='ocrx_word' id='word_1_227' title='bbox 1745 3328 1861 3392; x_wconf 75' lang='lat' dir='ltr'>Qui</span> 
     </span>
    </p>
   </div>
  </div>
 </body>
</html>
