2213 3736
790 206 1009 263 Liber
1043 207 1183 264 III.
1752 223 1842 277 141

125 326 437 418 summissi,
474 361 777 420 terramque
814 360 1040 422 petunt,
1080 366 1137 410 et
1182 368 1377 408 numen
1414 351 1654 408 adorant.

128 454 370 506 Mirabar
402 466 610 503 mecum
646 452 880 511 tacitus,
916 449 1059 502 fama
1097 449 1235 501 vnde
1261 448 1549 515 per‘agros

130 545 293 598 Haec‘
324 543 754 605 subitoaeexffl'et,
799 544 972 610 deque
1004 542 1129 609 ἱρῆς
1165 556 1420 609 quaerere
1453 543 1636 608 coepi.
1739 586 1742 589 .

131 639 288 697 vam
328 647 665 707 quaerentem
702 636 770 689 fic
808 637 883 689 est
914 636 1128 690 affarier
1169 635 1345 689 orsus:

134 733 378 787 Pastores
406 734 583 783 sumus
605 769 624 792 ,
661 733 719 783 in
753 733 941 783 vicinis
980 726 1196 785 saltibus
1231 744 1418 781 omnes

133 823 431 880 Pascimus.
469 824 763 878 insomnem
791 835 847 878 vt
891 826 1045 879 nobis
1078 840 1196 877 mos
1236 823 1430 876 ducere
1467 822 1634 875 nostis

138 915 295 971 Haud
330 930 539 985 partem
579 919 832 984 exiguam
858 956 877 981 ‚
913 928 1071 986 atque
1096 934 1313 984 gregem
1345 918 1557 970 seruare
1572 918 1843 974 coastum:

135 1007 304 1064 Nofte
335 1012 449 1084 fere
487 1012 664 1066 media
704 1013 1043 1079 vigilantibus
1089 1012 1250 1065 astitit
1284 1013 1472 1075 ingens

139 1100 255 1156 Lux
290 1106 490 1159 onustis
515 1108 671 1174 supra
717 1119 905 1175 caput,
942 1109 1285 1172 attonitisque
1330 1119 1530 1172 pauore

138 1192 347 1261 Ingenti
390 1200 512 1253 talis
558 1218 666 1254 vox
703 1202 777 1255 est
811 1204 988 1257 audita
1018 1216 1119 1271 per
1143 1215 1334 1254 auras:

139 1285 222 1340 Ne
265 1293 529 1358 trepidate
571 1298 671 1348 viti
696 1335 713 1358 ,
750 1297 902 1348 vobis
933 1310 1074 1348 noua
1113 1293 1304 1359 gaudia
1335 1302 1509 1360 porto.

147 1379 243 1435 Ille
269 1388 385 1452 piis
417 1389 579 1439 tofles
610 1390 890 1456 promifl‘us
930 1388 1140 1442 vatibus
1173 1387 1305 1438 olim

124 1470 368 1533 *Finibus
400 1477 494 1531 his
535 1478 694 1534 hodie
732 1494 889 1535 natus
919 1481 1086 1534 Deus,
1123 1481 1329 1531 eximet
1363 1478 1460 1530 ille

143 1568 191 1622 E
220 1573 459 1625 tenebris
506 1572 787 1629 hominum
819 1591 1015 1642 genus,
1054 1584 1215 1642 atque
1255 1573 1306 1621 in
1348 1572 1565 1636 pristina
1599 1571 1803 1650 reddet.

142 1661 295 1719 Illum
330 1671 505 1721 vicina
537 1669 618 1721 fas
657 1670 810 1723 vobis
843 1686 1059 1723 cernere
1102 1673 1157 1720 in
1185 1665 1312 1718 vrbe

145 1754 400 1812 Effultnm
463 1762 647 1828 stipula
669 1803 687 1827 ,
725 1775 882 1832 atque
926 1762 1133 1816 humile
1161 1762 1227 1814 ad
1270 1760 1518 1829 praesepe
1562 1763 1844 1823 iacentem.

147 1850 243 1907 His
271 1859 477 1910 moniti‘
503 1860 736 1912 vicinam
764 1859 947 1911 oculos
972 1868 1289 1926 torquemus
1324 1857 1390 1910 ad
1417 1856 1621 1909 vrbem.

147 1946 280 2003 Ecce
314 1965 519 2006 auteur
539 1955 760 2006 volucer
782 1954 932 2021 piffis
966 1953 1239 2005 exercitus
1267 1950 1368 2001 alis

152 2042 407 2099 Caelestes
445 2048 598 2114 supra
632 2049 782 2111 pueri
822 2057 934 2100 toto
968 2044 1188 2099 aethere
1226 2042 1317 2096 vifi

119 2133 393 2192 ,Nubibus
416 2139 650 2207 impositi
688 2141 915 2208 liquidas
961 2141 1196 2207 equitare
1227 2153 1328 2206 per
1358 2151 1498 2200 oram,

150 2226 217 2284 Et'
240 2237 441 2286 mirum
473 2237 532 2287 in
570 2250 776 2288 morem
807 2236 978 2287 celeri
1010 2235 1296 2301 proludere
1333 2244 1508 2284 coetu.

152 2323 322 2398 Atqne
356 2328 443 2380 vbi
480 2338 563 2382 ter
594 2330 800 2381 caelum
840 2331 1006 2383 ternis
1034 2338 1154 2400 toto
1189 2329 1405 2393 agmine
1436 2321 1570 2377 verli

154 2414 461 2472 Lustrauere
486 2419 692 2485 choris,
730 2434 813 2475 ter
850 2421 1139 2474 lustranere
1163 2420 1407 2481 choreis,

154 2508 421 2574 Concentu
459 2513 666 2583 petiere
700 2516 917 2583 polum,
956 2516 1115 2581 longe
1140 2514 1305 2568 ardua
1335 2513 1545 2580 olympi

154 2598 484 2674 Responsant.
510 2610 670 2663 laetis
698 2609 924 2661 diffultat
966 2607 1234 2676 plausibus
1273 2606 1478 2662 aether.
1549 2630 1558 2638 ·

154 2693 302 2755 Talia
337 2704 623 2758 narrabant
643 2742 660 2764 ,
696 2703 794 2755 nec
832 2702 938 2755 sese
967 2702 1192 2770 explere
1218 2695 1419 2753 corusci

157 2785 371 2848 Infantis
409 2795 542 2849 facie
581 2787 829 2866 poterant
852 2834 871 2857 ,
905 2797 1113 2867 fixique
1142 2795 1434 2848 manebant

157 2879 453 2941 Haerentes
487 2892 658 2943 oculis
680 2930 697 2953 ‚
735 2889 1018 2944 haerentes
1058 2892 1268 2959 pestere
1306 2898 1441 2942 toto.

158 2969 419 3044 Fulgebat
459 2998 594 3049 puer
621 3000 754 3047 ore,
798 2985 1001 3046 oculiS,
1038 3001 1099 3038 ac
1141 2998 1366 3050 corpore
1406 2980 1469 3033 ab
1510 2985 1686 3038 omni.

161 3065 353 3126 Diuino
394 3076 556 3141 longe
592 3081 791 3131 circum
824 3078 945 3130 loca
984 3077 1189 3132 lumine
1217 3077 1515 3144 complenS,

160 3159 338 3223 Qualis
366 3173 594 3237 puniceo
628 3173 679 3223 st
717 3171 955 3239 pandens
996 3188 1091 3224 ore
1114 3210 1132 3234 ,
1168 3172 1404 3224 rosarum

137 3254 292 3354 ⁸Cum
323 3266 559 3329 primum
589 3266 705 3321 dias
736 3264 838 3318 flos
882 3264 999 3319 vifit
1027 3267 1249 3320 luminis
1288 3282 1430 3329 oras,

908 3351 922 3378 ⁸
1743 3355 1853 3412 Aut
