2213 3736
795 226 1015 280 Ziber
1058 225 1123 280 V.
1161 270 1166 271 γ
1211 194 1265 260 -ι
1519 202 1523 209 '
1670 268 1682 287 .
1737 237 1826 291 191

123 376 353 430 Inuisam
377 415 392 437 ‚
431 376 491 428 eti
527 373 741 426 saeuum
774 373 883 426 leto
917 372 1074 426 finire
1104 372 1365 435 dolorem,

122 472 385 523 Curatum
429 467 566 521 hanc
598 484 757 519 v-nam
800 479 996 520 metam
1033 478 1181 519 ratus
1204 507 1220 529 ‚
1259 479 1422 533 atque
1456 466 1717 518 laborum.

122 563 395 625 Flustuat,
435 573 595 629 atque
626 560 713 611 fibi
744 557 948 625 semper
983 563 1174 614 tellure
1215 562 1422 613 videtur

122 658 375 716 Absumi,
415 666 505 707 aut
544 656 729 723 rapido
765 655 831 705 de
865 654 1017 706 caelo
1051 654 1281 707 afflat-ier
1313 658 1444 719 igni.

121 748 300 818 Vsque
342 751 475 801 adeo
514 760 638 800 ante
678 748 864 800 oculos
898 753 1038 813 capti
1083 749 1387 819 obuersatur
1424 751 1621 812 imago.

122 843 303 896 Pallor
338 847 392 893 in
435 857 527 892 ore
550 881 565 902 ,
604 846 747 895 acies
783 846 1079 895 circumlita
1118 843 1405 907 sanguine,
1444 852 1497 911 et
1539 852 1685 893 artus

123 940 385 1004 Algentes
422 938 634 995 tremit,
671 937 909 990 instantis
948 937 1165 1001 vestigia
1193 937 1303 995 leti,

125 1031 192 1084 Et
225 1049 336 1084 nox
378 1030 544 1083 multa
584 1047 716 1082 cana
760 1031 950 1083 faciem
993 1030 1340 1081 circumuolat
1383 1029 1587 1081 vmbra.

125 1122 315 1176 Omnia
358 1125 656 1189 nigrescunt
682 1125 913 1193 tenebris
941 1124 1185 1187 caliginis
1227 1134 1388 1176 atrae.

124 1217 365 1270 Demens
393 1259 406 1279 ‚
444 1229 533 1286 qul
566 1220 742 1284 potius
777 1224 985 1269 veniam
1031 1220 1241 1284 sperare
1276 1218 1487 1270 fatendo

125 1312 245 1364 Non
287 1314 443 1369 ausus
474 1330 490 1364 :
529 1315 876 1378 nequeenim
914 1313 1162 1377 precibus
1195 1326 1302 1363 non
1337 1312 1558 1365 flectitur
1590 1310 1713 1363 vllis

130 1406 249 1458 Rex
277 1408 524 1472 superum
546 1418 563 1467 3
600 1416 655 1457 et
689 1404 851 1455 iustae
890 1405 1056 1455 bonus
1093 1404 1415 1458 obliuiscitur
1457 1408 1585 1456 irae.

131 1497 269 1563 Ergo
306 1499 399 1550 ille
432 1502 679 1567 inceptis·
690 1500 927 1567 perstans
952 1538 967 1561 ,
1007 1510 1060 1549 et
1095 1499 1300 1550 sedibus
1327 1499 1553 1550 haerens

124 1590 291 1645 Isdem
329 1593 488 1653 abiit,
527 1591 796 1660 siluaeque
822 1605 1054 1646 tremens
1098 1594 1325 1646 successit
1358 1606 1553 1658 opacae

124 1684 293 1751 Regia
308 1702 460 1753 -quae
491 1698 709 1754 propter
737 1687 1016 1741 frondebat
1047 1690 1278 1756 plurima
1317 1689 1465 1744 testa.

126 1782 305 1847 Atque
346 1780 417 1830 ibi
459 1781 582 1831 dum
631 1783 892 1848 trepidat,
933 1799 1034 1850 qua
1071 1783 1285 1835 tansslem
1329 1798 1502 1833 morte
1526 1774 1757 1850 quiescat

128 1873 373 1928 Incertus
399 1916 414 1937 ,
456 1878 755 1929 latebrasne
788 1855 997 1930 animae
1033 1878 1292 1930 scrutetur
1330 1886 1477 1928 acuto

129 1966 367 2022 Fortiter
393 2008 408 2030 ,
448 1982 499 2022 et
534 1972 709 2036 pectus
755 1976 1109 2037 procumbens
1153 1973 1335 2025 induat
1361 1971 1500 2023 ense.

126 2061 221 2113 An·
254 2063 307 2114 se
334 2066 617 2129 praecipiti
665 2068 820 2136 iaciat
852 2067 920 2118 de
950 2066 1188 2119 culmine
1221 2066 1368 2117 saltu.

126 2151 270 2220 Ipsae
315 2169 449 2221 quae
483 2161 769 2211 attonitum
796 2198 810 2219 ,
835 2166 1147 2228 ‘mortisque
1189 2160 1433 2226 cupidine
1467 2166 1679 2224 captum

125 2244 411 2302 Ducebant
450 2251 656 2319 semper
686 2254 891 2314 furiae,
934 2255 1269 2320 infensaeque
1312 2252 1609 2319 praeibant,
1657 2257 1664 2270 ³

126 2338 423 2395 Informem
458 2361 625 2411 prona
657 2350 918 2401 nestentes
954 2351 1145 2399 arbore
1183 2347 1379 2398 nodum
1427 2331 1432 2336 ¹
1601 2363 1618 2396 x

129 2432 422 2489 Ostendere
458 2444 617 2495 viam.
659 2443 797 2493 collo
836 2458 1063 2509 namque
1099 2443 1220 2493 inde
1262 2441 1531 2508 pependit,

128 2525 202 2582 Vt
237 2533 464 2584 meritus
490 2573 503 2594 ,
545 2537 836 2604 laqueoque
875 2536 1058 2587 infami
1100 2547 1345 2589 extrema
1377 2537 1624 2602 sequutus

129 2619 473 2688 spiramenta
501 2633 708 2681 animae
735 2630 860 2681 eliso
903 2641 1116 2695 gutture
1147 2633 1329 2703 rupit,v

128 2712 196 2768 Et
239 2729 381 2770 totos
422 2718 587 2776 subito
631 2725 868 2791 pendens
904 2726 1143 2778 extabuit
1177 2727 1340 2776 artus'.

128 2805 390 2863 Nondum
416 2807 554 2880 'pista
592 2833 733 2870 nouo
766 2820 897 2869 caeli
929 2819 1083 2885 plaga
1118 2831 1274 2870 mane
1313 2817 1556 2879 rubebat,'

132 2900 356 2971 Iamque
397 2902 683 2963 sacerdotes
718 2909 966 2962 concursu
1000 2912 1177 2965 cun-Sta
1213 2914 1482 2978 replentes

135 2993 472 3053 Vestibulum
507 3006 656 3057 iuxta
686 3005 942 3067 astabant,
984 3006 1265 3072 longisque
1296 3005 1597 3059 fremebant

131 3088 452 3145 Porticibus
488 3112 683 3163 nempe
724 3103 937 3166 antiquo
963 3101 1030 3152 de
1063 3114 1209 3150 more
1245 3097 1439 3150 licebat

131 3181 289 3235 Nulli
333 3188 448 3239 luce
486 3190 630 3241 saera
661 3192 925 3254 pollutum
965 3192 1195 3245 infistere
1232 3192 1412 3247 limen.

131 3276 378 3334 Tandem
416 3282 723 3339 Romulides
767 3289 1019 3343 iuuenum
1051 3284 1274 3353 stipante
1315 3298 1528 3340 caterua

146 3387 153 3394 ’
788 3379 795 3394 “
1655 3376 1831 3435 Fasci-
