<?xml version="1.0" encoding="UTF-8"?>
<!DOCTYPE html PUBLIC "-//W3C//DTD XHTML 1.0 Transitional//EN"
    "http://www.w3.org/TR/xhtml1/DTD/xhtml1-transitional.dtd">
<html xmlns="http://www.w3.org/1999/xhtml" xml:lang="en" lang="en">
 <head>
  <title>
</title>
<meta http-equiv="Content-Type" content="text/html;charset=utf-8" />
  <meta name='ocr-system' content='tesseract 3.04.00' />
  <meta name='ocr-capabilities' content='ocr_page ocr_carea ocr_par ocr_line ocrx_word'/>
</head>
<body>
  <div class='ocr_page' id='page_1' title='image "./operametricavol00vidagoog_0253.png"; bbox 0 0 2213 3736; ppageno 0'>
   <div class='ocr_carea' id='block_1_1' title="bbox 854 204 1875 291">
    <p class='ocr_par' dir='ltr' id='par_1_1' title="bbox 854 204 1875 291">
     <span class='ocr_line' id='line_1_1' title="bbox 854 204 1875 291; baseline 0.008 -30"><span class='ocrx_word' id='word_1_1' title='bbox 854 205 1066 265; x_wconf 72' lang='lat' dir='ltr'>liber</span> <span class='ocrx_word' id='word_1_2' title='bbox 1109 204 1242 270; x_wconf 47' lang='lat' dir='ltr'>VIR</span> <span class='ocrx_word' id='word_1_3' title='bbox 1783 229 1875 291; x_wconf 75' lang='lat'>235</span> 
     </span>
    </p>
   </div>
   <div class='ocr_carea' id='block_1_2' title="bbox 128 354 1914 3420">
    <p class='ocr_par' dir='ltr' id='par_1_2' title="bbox 153 354 1419 427">
     <span class='ocr_line' id='line_1_2' title="bbox 153 354 1419 427; baseline 0.002 -17"><span class='ocrx_word' id='word_1_4' title='bbox 153 354 418 416; x_wconf 83' lang='lat' dir='ltr'>Diuinum</span> <span class='ocrx_word' id='word_1_5' title='bbox 455 365 568 411; x_wconf 79' lang='lat' dir='ltr'>toto</span> <span class='ocrx_word' id='word_1_6' title='bbox 606 358 802 410; x_wconf 86' lang='lat' dir='ltr'>iaciens</span> <span class='ocrx_word' id='word_1_7' title='bbox 846 358 914 410; x_wconf 89' lang='lat' dir='ltr'>de</span> <span class='ocrx_word' id='word_1_8' title='bbox 944 364 1173 427; x_wconf 83' lang='lat' dir='ltr'>corpore</span> <span class='ocrx_word' id='word_1_9' title='bbox 1215 358 1419 413; x_wconf 77' lang='lat' dir='ltr'>lumen.</span> 
     </span>
    </p>

    <p class='ocr_par' dir='ltr' id='par_1_3' title="bbox 155 451 1758 892">
     <span class='ocr_line' id='line_1_3' title="bbox 155 451 1603 520; baseline 0.002 -16"><span class='ocrx_word' id='word_1_10' title='bbox 155 452 305 515; x_wconf 85' lang='lat' dir='ltr'>Hinc</span> <span class='ocrx_word' id='word_1_11' title='bbox 342 452 577 505; x_wconf 83' lang='lat' dir='ltr'>Thomas</span> <span class='ocrx_word' id='word_1_12' title='bbox 606 452 785 504; x_wconf 76' lang='lat' dir='ltr'>aberat</span> <span class='ocrx_word' id='word_1_13' title='bbox 815 451 1076 518; x_wconf 86' lang='lat' dir='ltr'>Didymus</span> <span class='ocrx_word' id='word_1_14' title='bbox 1110 453 1285 505; x_wconf 89' lang='lat' dir='ltr'>vicina</span> <span class='ocrx_word' id='word_1_15' title='bbox 1317 467 1603 520; x_wconf 83' lang='lat' dir='ltr'>pererrans</span> 
     </span>
     <span class='ocr_line' id='line_1_4' title="bbox 155 542 1758 617; baseline 0.004 -19"><span class='ocrx_word' id='word_1_16' title='bbox 155 542 403 614; x_wconf 79' lang='lat' dir='ltr'>Oppida,</span> <span class='ocrx_word' id='word_1_17' title='bbox 439 562 543 611; x_wconf 90' lang='lat' dir='ltr'>quo</span> <span class='ocrx_word' id='word_1_18' title='bbox 577 556 752 609; x_wconf 84' lang='lat' dir='ltr'>metus</span> <span class='ocrx_word' id='word_1_19' title='bbox 787 548 1073 613; x_wconf 81' lang='lat' dir='ltr'><strong>impulerat</strong></span> <span class='ocrx_word' id='word_1_20' title='bbox 1111 549 1245 600; x_wconf 90' lang='lat' dir='ltr'>duce</span> <span class='ocrx_word' id='word_1_21' title='bbox 1281 562 1455 615; x_wconf 82' lang='lat' dir='ltr'>nuper</span> <span class='ocrx_word' id='word_1_22' title='bbox 1491 548 1758 617; x_wconf 82' lang='lat' dir='ltr'>adempto.</span> 
     </span>
     <span class='ocr_line' id='line_1_5' title="bbox 157 634 1600 707; baseline 0.001 -15"><span class='ocrx_word' id='word_1_23' title='bbox 157 640 333 707; x_wconf 79' lang='lat' dir='ltr'>Is&#39;que&#39;</span> <span class='ocrx_word' id='word_1_24' title='bbox 349 640 439 691; x_wconf 92' lang='lat' dir='ltr'>vbi</span> <span class='ocrx_word' id='word_1_25' title='bbox 478 639 603 691; x_wconf 88' lang='lat' dir='ltr'>dein</span> <span class='ocrx_word' id='word_1_26' title='bbox 636 638 849 691; x_wconf 87' lang='lat' dir='ltr'>rediens</span> <span class='ocrx_word' id='word_1_27' title='bbox 877 640 952 691; x_wconf 86' lang='lat' dir='ltr'>est</span> <span class='ocrx_word' id='word_1_28' title='bbox 980 634 1156 691; x_wconf 78' lang='lat' dir='ltr'>sacrae</span> <span class='ocrx_word' id='word_1_29' title='bbox 1186 639 1422 694; x_wconf 82' lang='lat' dir='ltr'>redditus</span> <span class='ocrx_word' id='word_1_30' title='bbox 1457 642 1600 704; x_wconf 74' lang='lat' dir='ltr'>vrbi,</span> 
     </span>
     <span class='ocr_line' id='line_1_6' title="bbox 157 730 1564 801; baseline 0 -15"><span class='ocrx_word' id='word_1_31' title='bbox 157 736 535 801; x_wconf 82' lang='lat' dir='ltr'>Acceptusque</span> <span class='ocrx_word' id='word_1_32' title='bbox 571 731 731 789; x_wconf 85' lang='lat' dir='ltr'>domo</span> <span class='ocrx_word' id='word_1_33' title='bbox 755 772 771 796; x_wconf 92' lang='lat'>,</span> <span class='ocrx_word' id='word_1_34' title='bbox 813 730 980 787; x_wconf 75' lang='lat' dir='ltr'>socios</span> <span class='ocrx_word' id='word_1_35' title='bbox 1020 733 1164 787; x_wconf 72' lang='lat' dir='ltr'>videt</span> <span class='ocrx_word' id='word_1_36' title='bbox 1197 751 1322 788; x_wconf 76' lang='lat' dir='ltr'>ecce</span> <span class='ocrx_word' id='word_1_37' title='bbox 1362 738 1564 789; x_wconf 87' lang='lat' dir='ltr'>recenti</span> 
     </span>
     <span class='ocr_line' id='line_1_7' title="bbox 157 826 1440 892; baseline 0.002 -12"><span class='ocrx_word' id='word_1_38' title='bbox 157 830 439 880; x_wconf 84' lang='lat' dir='ltr'>Attonitos</span> <span class='ocrx_word' id='word_1_39' title='bbox 466 826 583 879; x_wconf 88' lang='lat' dir='ltr'>casu</span> <span class='ocrx_word' id='word_1_40' title='bbox 604 867 620 890; x_wconf 89' lang='lat'>,</span> <span class='ocrx_word' id='word_1_41' title='bbox 660 842 723 880; x_wconf 81' lang='lat' dir='ltr'>ac</span> <span class='ocrx_word' id='word_1_42' title='bbox 753 842 913 891; x_wconf 78' lang='lat' dir='ltr'>caeco</span> <span class='ocrx_word' id='word_1_43' title='bbox 949 835 1155 880; x_wconf 85' lang='lat' dir='ltr'>terrore</span> <span class='ocrx_word' id='word_1_44' title='bbox 1183 828 1440 892; x_wconf 86' lang='lat' dir='ltr'>filenteis,</span> 
     </span>
    </p>

    <p class='ocr_par' dir='ltr' id='par_1_4' title="bbox 128 920 1798 1462">
     <span class='ocr_line' id='line_1_8' title="bbox 160 920 1753 989; baseline 0.003 -15"><span class='ocrx_word' id='word_1_45' title='bbox 160 922 369 985; x_wconf 82' lang='lat' dir='ltr'><strong>Quales</strong></span> <span class='ocrx_word' id='word_1_46' title='bbox 408 935 499 977; x_wconf 85' lang='lat' dir='ltr'>aut</span> <span class='ocrx_word' id='word_1_47' title='bbox 529 924 833 989; x_wconf 85' lang='lat' dir='ltr'>templum,</span> <span class='ocrx_word' id='word_1_48' title='bbox 871 920 1071 974; x_wconf 83' lang='lat' dir='ltr'>domini</span> <span class='ocrx_word' id='word_1_49' title='bbox 1108 930 1198 975; x_wconf 85' lang='lat' dir='ltr'>aut</span> <span class='ocrx_word' id='word_1_50' title='bbox 1231 923 1320 975; x_wconf 89' lang='lat' dir='ltr'>vbi</span> <span class='ocrx_word' id='word_1_51' title='bbox 1368 923 1553 977; x_wconf 85' lang='lat' dir='ltr'>diuitis</span> <span class='ocrx_word' id='word_1_52' title='bbox 1592 925 1753 978; x_wconf 81' lang='lat' dir='ltr'>aedes</span> 
     </span>
     <span class='ocr_line' id='line_1_9' title="bbox 159 1008 1484 1085; baseline -0.001 -15"><span class='ocrx_word' id='word_1_53' title='bbox 159 1018 499 1071; x_wconf 77' lang='lat' dir='ltr'><strong>Marmoreas</strong></span> <span class='ocrx_word' id='word_1_54' title='bbox 539 1019 695 1085; x_wconf 86' lang='lat' dir='ltr'>petiit</span> <span class='ocrx_word' id='word_1_55' title='bbox 730 1017 903 1082; x_wconf 79' lang='lat' dir='ltr'>ruptis</span> <span class='ocrx_word' id='word_1_56' title='bbox 939 1008 1008 1067; x_wconf 77' lang='lat' dir='ltr'>d‘e</span> <span class='ocrx_word' id='word_1_57' title='bbox 1047 1016 1282 1069; x_wconf 83' lang='lat' dir='ltr'>nubibus</span> <span class='ocrx_word' id='word_1_58' title='bbox 1324 1020 1484 1084; x_wconf 72' lang='lat' dir='ltr'>ignis,</span> 
     </span>
     <span class='ocr_line' id='line_1_10' title="bbox 159 1109 1736 1180; baseline -0.002 -13"><span class='ocrx_word' id='word_1_59' title='bbox 159 1111 546 1180; x_wconf 82' lang='lat' dir='ltr'>Terrificisque</span> <span class='ocrx_word' id='word_1_60' title='bbox 579 1111 756 1162; x_wconf 83' lang='lat' dir='ltr'>locum</span> <span class='ocrx_word' id='word_1_61' title='bbox 789 1109 1040 1176; x_wconf 73' lang='lat' dir='ltr'>impleuit</span> <span class='ocrx_word' id='word_1_62' title='bbox 1081 1110 1450 1177; x_wconf 77' lang='lat' dir='ltr'>splendoribus</span> <span class='ocrx_word' id='word_1_63' title='bbox 1499 1128 1736 1176; x_wconf 84' lang='lat' dir='ltr'>omnem,</span> 
     </span>
     <span class='ocr_line' id='line_1_11' title="bbox 128 1197 1798 1279; baseline -0.003 -17"><span class='ocrx_word' id='word_1_64' title='bbox 128 1208 327 1279; x_wconf 20' lang='lat' dir='ltr'>,Stant</span> <span class='ocrx_word' id='word_1_65' title='bbox 363 1209 506 1258; x_wconf 83' lang='lat' dir='ltr'>intus</span> <span class='ocrx_word' id='word_1_66' title='bbox 541 1197 723 1272; x_wconf 85' lang='lat' dir='ltr'>pauidi</span> <span class='ocrx_word' id='word_1_67' title='bbox 767 1200 945 1267; x_wconf 74' lang='lat' dir='ltr'>ciueS,</span> <span class='ocrx_word' id='word_1_68' title='bbox 982 1207 1149 1272; x_wconf 82' lang='lat' dir='ltr'>quatit</span> <span class='ocrx_word' id='word_1_69' title='bbox 1175 1206 1423 1258; x_wconf 89' lang='lat' dir='ltr'>omnibus</span> <span class='ocrx_word' id='word_1_70' title='bbox 1454 1205 1679 1259; x_wconf 84' lang='lat' dir='ltr'>horror·</span> <span class='ocrx_word' id='word_1_71' title='bbox 1733 1205 1738 1210; x_wconf 80' lang='grc'><em>’</em></span> <span class='ocrx_word' id='word_1_72' title='bbox 1795 1204 1798 1207; x_wconf 66' lang='grc'>’</span> 
     </span>
     <span class='ocr_line' id='line_1_12' title="bbox 161 1298 1681 1366; baseline -0.003 -10"><span class='ocrx_word' id='word_1_73' title='bbox 161 1301 420 1360; x_wconf 75' lang='lat' dir='ltr'>Pestora,</span> <span class='ocrx_word' id='word_1_74' title='bbox 460 1300 551 1350; x_wconf 82' lang='lat' dir='ltr'>vix</span> <span class='ocrx_word' id='word_1_75' title='bbox 584 1298 750 1365; x_wconf 84' lang='lat' dir='ltr'>longo</span> <span class='ocrx_word' id='word_1_76' title='bbox 787 1299 901 1366; x_wconf 88' lang='lat' dir='ltr'>post</span> <span class='ocrx_word' id='word_1_77' title='bbox 949 1309 1191 1365; x_wconf 87' lang='lat' dir='ltr'>tempore</span> <span class='ocrx_word' id='word_1_78' title='bbox 1233 1299 1394 1351; x_wconf 84' lang='lat' dir='ltr'>corda</span> <span class='ocrx_word' id='word_1_79' title='bbox 1428 1299 1681 1357; x_wconf 79' lang='lat' dir='ltr'>residunt.</span> 
     </span>
     <span class='ocr_line' id='line_1_13' title="bbox 166 1389 1708 1462; baseline -0.003 -13"><span class='ocrx_word' id='word_1_80' title='bbox 166 1390 451 1462; x_wconf 87' lang='lat' dir='ltr'>Obstupuit</span> <span class='ocrx_word' id='word_1_81' title='bbox 483 1391 595 1444; x_wconf 82' lang='lat' dir='ltr'>visu</span> <span class='ocrx_word' id='word_1_82' title='bbox 628 1396 841 1458; x_wconf 85' lang='lat' dir='ltr'>ignarus</span> <span class='ocrx_word' id='word_1_83' title='bbox 867 1432 882 1454; x_wconf 93' lang='lat'>‚</span> <span class='ocrx_word' id='word_1_84' title='bbox 927 1392 1238 1458; x_wconf 79' lang='lat' dir='ltr'>causamque</span> <span class='ocrx_word' id='word_1_85' title='bbox 1273 1395 1514 1458; x_wconf 81' lang='lat' dir='ltr'>requirit,</span> <span class='ocrx_word' id='word_1_86' title='bbox 1703 1389 1708 1395; x_wconf 81' lang='grc'><strong>’</strong></span> 
     </span>
    </p>

    <p class='ocr_par' dir='ltr' id='par_1_5' title="bbox 162 1484 1547 1552">
     <span class='ocr_line' id='line_1_14' title="bbox 162 1484 1547 1552; baseline -0.003 -9"><span class='ocrx_word' id='word_1_87' title='bbox 162 1487 239 1543; x_wconf 90' lang='lat' dir='ltr'>Et</span> <span class='ocrx_word' id='word_1_88' title='bbox 276 1490 442 1542; x_wconf 85' lang='lat' dir='ltr'>socios</span> <span class='ocrx_word' id='word_1_89' title='bbox 469 1487 617 1540; x_wconf 72' lang='lat' dir='ltr'>distis</span> <span class='ocrx_word' id='word_1_90' title='bbox 644 1485 908 1552; x_wconf 86' lang='lat' dir='ltr'>Didymus</span> <span class='ocrx_word' id='word_1_91' title='bbox 934 1484 1203 1540; x_wconf 80' lang='lat' dir='ltr'>demulcet</span> <span class='ocrx_word' id='word_1_92' title='bbox 1248 1490 1457 1548; x_wconf 78' lang='lat' dir='ltr'>amieiS,</span> <span class='ocrx_word' id='word_1_93' title='bbox 1540 1512 1547 1522; x_wconf 94' lang='lat'>·</span> 
     </span>
    </p>

    <p class='ocr_par' dir='ltr' id='par_1_6' title="bbox 166 1560 1872 1753">
     <span class='ocr_line' id='line_1_15' title="bbox 166 1560 1872 1648; baseline -0.001 -14"><span class='ocrx_word' id='word_1_94' title='bbox 166 1583 348 1644; x_wconf 87' lang='lat' dir='ltr'>Quem</span> <span class='ocrx_word' id='word_1_95' title='bbox 379 1581 554 1638; x_wconf 81' lang='lat' dir='ltr'>senior</span> <span class='ocrx_word' id='word_1_96' title='bbox 580 1577 779 1632; x_wconf 88' lang='lat' dir='ltr'>Petrus</span> <span class='ocrx_word' id='word_1_97' title='bbox 814 1581 1097 1648; x_wconf 84' lang='lat' dir='ltr'>amplexus</span> <span class='ocrx_word' id='word_1_98' title='bbox 1123 1620 1139 1643; x_wconf 95' lang='lat'>,</span> <span class='ocrx_word' id='word_1_99' title='bbox 1175 1581 1541 1648; x_wconf 81' lang='lat' dir='ltr'>lacrymisque</span> <span class='ocrx_word' id='word_1_100' title='bbox 1581 1576 1805 1648; x_wconf 69' lang='lat' dir='ltr'>profusis</span> <span class='ocrx_word' id='word_1_101' title='bbox 1867 1560 1872 1565; x_wconf 35' lang='grc'>’</span> 
     </span>
     <span class='ocr_line' id='line_1_16' title="bbox 167 1673 1574 1753; baseline -0.003 -24"><span class='ocrx_word' id='word_1_102' title='bbox 167 1676 346 1729; x_wconf 82' lang='lat' dir='ltr'>Menti</span> <span class='ocrx_word' id='word_1_103' title='bbox 382 1677 645 1731; x_wconf 80' lang='lat' dir='ltr'>caniciem</span> <span class='ocrx_word' id='word_1_104' title='bbox 672 1673 980 1753; x_wconf 71' lang='lat' dir='ltr'>liumestans</span> <span class='ocrx_word' id='word_1_105' title='bbox 1018 1673 1088 1727; x_wconf 82' lang='lat' dir='ltr'>fic</span> <span class='ocrx_word' id='word_1_106' title='bbox 1126 1674 1574 1748; x_wconf 53' lang='lat' dir='ltr'>denique‘fatur:</span> 
     </span>
    </p>

    <p class='ocr_par' dir='ltr' id='par_1_7' title="bbox 170 1754 1580 1837">
     <span class='ocr_line' id='line_1_17' title="bbox 170 1754 1580 1837; baseline -0.001 -16"><span class='ocrx_word' id='word_1_107' title='bbox 170 1766 427 1826; x_wconf 85' lang='lat' dir='ltr'>Vidimus</span> <span class='ocrx_word' id='word_1_108' title='bbox 464 1767 535 1835; x_wconf 85' lang='lat' dir='ltr'>(o</span> <span class='ocrx_word' id='word_1_109' title='bbox 570 1754 683 1821; x_wconf 40' lang='lat' dir='ltr'>iam*</span> <span class='ocrx_word' id='word_1_110' title='bbox 717 1786 816 1822; x_wconf 90' lang='lat' dir='ltr'>nos</span> <span class='ocrx_word' id='word_1_111' title='bbox 859 1769 1081 1837; x_wconf 79' lang='lat' dir='ltr'>felices)</span> <span class='ocrx_word' id='word_1_112' title='bbox 1115 1770 1345 1823; x_wconf 85' lang='lat' dir='ltr'>vidimus</span> <span class='ocrx_word' id='word_1_113' title='bbox 1386 1768 1580 1836; x_wconf 82' lang='lat' dir='ltr'>ipsum,</span> 
     </span>
    </p>

    <p class='ocr_par' dir='ltr' id='par_1_8' title="bbox 172 1857 1792 2214">
     <span class='ocr_line' id='line_1_18' title="bbox 172 1857 1792 1942; baseline -0.002 -25"><span class='ocrx_word' id='word_1_114' title='bbox 172 1861 251 1917; x_wconf 92' lang='lat' dir='ltr'>Vt</span> <span class='ocrx_word' id='word_1_115' title='bbox 276 1857 450 1926; x_wconf 88' lang='lat' dir='ltr'>soliti,</span> <span class='ocrx_word' id='word_1_116' title='bbox 489 1879 676 1931; x_wconf 84' lang='lat' dir='ltr'>regem</span> <span class='ocrx_word' id='word_1_117' title='bbox 718 1864 1005 1932; x_wconf 87' lang='lat' dir='ltr'>spirantem</span> <span class='ocrx_word' id='word_1_118' title='bbox 1029 1904 1046 1928; x_wconf 94' lang='lat'>,</span> <span class='ocrx_word' id='word_1_119' title='bbox 1086 1871 1352 1932; x_wconf 78' lang='lat' dir='ltr'>aurasque</span> <span class='ocrx_word' id='word_1_120' title='bbox 1393 1861 1697 1942; x_wconf 74' lang='lat' dir='ltr'>trahentem</span> <span class='ocrx_word' id='word_1_121' title='bbox 1783 1877 1792 1885; x_wconf 83' lang='grc'><em>·</em></span> 
     </span>
     <span class='ocr_line' id='line_1_19' title="bbox 175 1958 1695 2027; baseline -0.003 -16"><span class='ocrx_word' id='word_1_122' title='bbox 175 1958 517 2011; x_wconf 83' lang='lat' dir='ltr'>Caelicolum</span> <span class='ocrx_word' id='word_1_123' title='bbox 539 1974 753 2023; x_wconf 86' lang='lat' dir='ltr'>regem,</span> <span class='ocrx_word' id='word_1_124' title='bbox 793 1963 885 2027; x_wconf 89' lang='lat' dir='ltr'>qui</span> <span class='ocrx_word' id='word_1_125' title='bbox 917 1959 1210 2012; x_wconf 77' lang='lat' dir='ltr'>nos&#39;modo</span> <span class='ocrx_word' id='word_1_126' title='bbox 1253 1967 1423 2011; x_wconf 85' lang='lat' dir='ltr'>morte</span> <span class='ocrx_word' id='word_1_127' title='bbox 1457 1958 1695 2022; x_wconf 86' lang='lat' dir='ltr'>reliquit.</span> 
     </span>
     <span class='ocr_line' id='line_1_20' title="bbox 173 2049 1750 2120; baseline -0.003 -14"><span class='ocrx_word' id='word_1_128' title='bbox 173 2052 332 2106; x_wconf 88' lang='lat' dir='ltr'>Haec</span> <span class='ocrx_word' id='word_1_129' title='bbox 374 2049 449 2105; x_wconf 73' lang='lat' dir='ltr'>ait</span> <span class='ocrx_word' id='word_1_130' title='bbox 470 2091 486 2114; x_wconf 95' lang='lat'>,</span> <span class='ocrx_word' id='word_1_131' title='bbox 526 2054 883 2120; x_wconf 84' lang='lat' dir='ltr'>exultansque</span> <span class='ocrx_word' id='word_1_132' title='bbox 912 2051 1092 2105; x_wconf 82' lang='lat' dir='ltr'>animo</span> <span class='ocrx_word' id='word_1_133' title='bbox 1115 2053 1336 2104; x_wconf 80' lang='lat' dir='ltr'>&#39;caelum</span> <span class='ocrx_word' id='word_1_134' title='bbox 1368 2049 1527 2118; x_wconf 88' lang='lat' dir='ltr'>vsque</span> <span class='ocrx_word' id='word_1_135' title='bbox 1554 2059 1750 2103; x_wconf 58' lang='lat' dir='ltr'>tuetur„</span> 
     </span>
     <span class='ocr_line' id='line_1_21' title="bbox 173 2143 1594 2214; baseline -0.001 -16"><span class='ocrx_word' id='word_1_136' title='bbox 173 2145 276 2199; x_wconf 85' lang='lat' dir='ltr'>Ille</span> <span class='ocrx_word' id='word_1_137' title='bbox 311 2157 488 2198; x_wconf 86' lang='lat' dir='ltr'>autem</span> <span class='ocrx_word' id='word_1_138' title='bbox 534 2146 734 2214; x_wconf 87' lang='lat' dir='ltr'>(neque</span> <span class='ocrx_word' id='word_1_139' title='bbox 769 2149 915 2199; x_wconf 87' lang='lat' dir='ltr'>enim</span> <span class='ocrx_word' id='word_1_140' title='bbox 951 2149 1188 2199; x_wconf 84' lang='lat' dir='ltr'>narranti</span> <span class='ocrx_word' id='word_1_141' title='bbox 1227 2147 1355 2200; x_wconf 88' lang='lat' dir='ltr'>talia</span> <span class='ocrx_word' id='word_1_142' title='bbox 1392 2143 1594 2208; x_wconf 86' lang='lat' dir='ltr'>credit)</span> 
     </span>
    </p>

    <p class='ocr_par' dir='ltr' id='par_1_9' title="bbox 176 2238 1589 2307">
     <span class='ocr_line' id='line_1_22' title="bbox 176 2238 1589 2307; baseline -0.004 -14"><span class='ocrx_word' id='word_1_143' title='bbox 176 2238 368 2307; x_wconf 73' lang='lat' dir='ltr'>ipsene</span> <span class='ocrx_word' id='word_1_144' title='bbox 397 2239 572 2292; x_wconf 71' lang='lat' dir='ltr'>fursus</span> <span class='ocrx_word' id='word_1_145' title='bbox 595 2278 611 2302; x_wconf 91' lang='lat'>,</span> <span class='ocrx_word' id='word_1_146' title='bbox 642 2247 719 2294; x_wconf 79' lang='lat' dir='ltr'>ait·</span> <span class='ocrx_word' id='word_1_147' title='bbox 739 2282 755 2305; x_wconf 89' lang='lat'>,</span> <span class='ocrx_word' id='word_1_148' title='bbox 794 2242 934 2294; x_wconf 90' lang='lat' dir='ltr'>caeli</span> <span class='ocrx_word' id='word_1_149' title='bbox 961 2240 1062 2292; x_wconf 75' lang='lat' dir='ltr'>hot</span> <span class='ocrx_word' id='word_1_150' title='bbox 1106 2239 1357 2306; x_wconf 83' lang='lat' dir='ltr'>spirabile</span> <span class='ocrx_word' id='word_1_151' title='bbox 1403 2238 1589 2289; x_wconf 88' lang='lat' dir='ltr'>lumen</span> 
     </span>
    </p>

    <p class='ocr_par' dir='ltr' id='par_1_10' title="bbox 179 2329 1593 2401">
     <span class='ocr_line' id='line_1_23' title="bbox 179 2329 1593 2401; baseline -0.002 -15"><span class='ocrx_word' id='word_1_152' title='bbox 179 2329 433 2401; x_wconf 73' lang='lat' dir='ltr'>Aspicit?</span> <span class='ocrx_word' id='word_1_153' title='bbox 472 2350 539 2385; x_wconf 85' lang='lat' dir='ltr'>an</span> <span class='ocrx_word' id='word_1_154' title='bbox 579 2339 758 2401; x_wconf 87' lang='lat' dir='ltr'>potius</span> <span class='ocrx_word' id='word_1_155' title='bbox 788 2334 1054 2388; x_wconf 73' lang='lat' dir='ltr'>simulacri</span> <span class='ocrx_word' id='word_1_156' title='bbox 1095 2335 1343 2400; x_wconf 85' lang='lat' dir='ltr'>apparuit</span> <span class='ocrx_word' id='word_1_157' title='bbox 1380 2332 1593 2396; x_wconf 75' lang='lat' dir='ltr'>vmbra,</span> 
     </span>
    </p>

    <p class='ocr_par' dir='ltr' id='par_1_11' title="bbox 183 2424 1460 2494">
     <span class='ocr_line' id='line_1_24' title="bbox 183 2424 1460 2494; baseline 0.001 -15"><span class='ocrx_word' id='word_1_158' title='bbox 183 2426 369 2494; x_wconf 80' lang='lat' dir='ltr'>Atque</span> <span class='ocrx_word' id='word_1_159' title='bbox 402 2428 583 2479; x_wconf 81' lang='lat' dir='ltr'>oculos</span> <span class='ocrx_word' id='word_1_160' title='bbox 610 2428 780 2480; x_wconf 81' lang='lat' dir='ltr'>fallax</span> <span class='ocrx_word' id='word_1_161' title='bbox 813 2425 1011 2478; x_wconf 78' lang='lat' dir='ltr'>vestros</span> <span class='ocrx_word' id='word_1_162' title='bbox 1046 2424 1200 2479; x_wconf 77' lang='lat' dir='ltr'>elufit</span> <span class='ocrx_word' id='word_1_163' title='bbox 1233 2430 1408 2493; x_wconf 87' lang='lat' dir='ltr'>imago</span> <span class='ocrx_word' id='word_1_164' title='bbox 1431 2426 1460 2481; x_wconf 70' lang='lat'><em>2</em></span> 
     </span>
    </p>

    <p class='ocr_par' dir='ltr' id='par_1_12' title="bbox 183 2515 1723 2776">
     <span class='ocr_line' id='line_1_25' title="bbox 190 2515 1707 2588; baseline -0.001 -17"><span class='ocrx_word' id='word_1_165' title='bbox 190 2517 351 2581; x_wconf 87' lang='lat' dir='ltr'>Imo,</span> <span class='ocrx_word' id='word_1_166' title='bbox 387 2522 495 2582; x_wconf 80' lang='lat' dir='ltr'>ait,</span> <span class='ocrx_word' id='word_1_167' title='bbox 533 2521 894 2588; x_wconf 68' lang='lat' dir='ltr'>illum&#39;ipsum</span> <span class='ocrx_word' id='word_1_168' title='bbox 926 2516 1109 2571; x_wconf 78' lang='lat' dir='ltr'>diuino</span> <span class='ocrx_word' id='word_1_169' title='bbox 1149 2520 1245 2571; x_wconf 85' lang='lat' dir='ltr'>illa</span> <span class='ocrx_word' id='word_1_170' title='bbox 1289 2515 1397 2586; x_wconf 81' lang='lat' dir='ltr'>ipsa</span> <span class='ocrx_word' id='word_1_171' title='bbox 1433 2528 1707 2585; x_wconf 84' lang='lat' dir='ltr'>gerentem</span> 
     </span>
     <span class='ocr_line' id='line_1_26' title="bbox 183 2609 1723 2683; baseline -0.003 -17"><span class='ocrx_word' id='word_1_172' title='bbox 183 2609 464 2676; x_wconf 81' lang='lat' dir='ltr'>Vulnera,</span> <span class='ocrx_word' id='word_1_173' title='bbox 488 2613 559 2667; x_wconf 77' lang='lat' dir='ltr'>&#39;et</span> <span class='ocrx_word' id='word_1_174' title='bbox 603 2618 872 2681; x_wconf 80' lang='lat' dir='ltr'>antiquam</span> <span class='ocrx_word' id='word_1_175' title='bbox 906 2613 1199 2665; x_wconf 65' lang='lat' dir='ltr'>seruantem</span> <span class='ocrx_word' id='word_1_176' title='bbox 1235 2632 1459 2683; x_wconf 85' lang='lat' dir='ltr'>corpore</span> <span class='ocrx_word' id='word_1_177' title='bbox 1492 2613 1723 2670; x_wconf 80' lang='lat' dir='ltr'>formam</span> 
     </span>
     <span class='ocr_line' id='line_1_27' title="bbox 186 2699 1627 2776; baseline 0.001 -20"><span class='ocrx_word' id='word_1_178' title='bbox 186 2699 483 2768; x_wconf 87' lang='lat' dir='ltr'>Vidimus,</span> <span class='ocrx_word' id='word_1_179' title='bbox 523 2723 774 2776; x_wconf 44' lang='lat' dir='ltr'>aerei-os</span> <span class='ocrx_word' id='word_1_180' title='bbox 812 2707 1059 2758; x_wconf 78' lang='lat' dir='ltr'>manibus</span> <span class='ocrx_word' id='word_1_181' title='bbox 1086 2705 1423 2766; x_wconf 64' lang='lat' dir='ltr'>trafiauimus</span> <span class='ocrx_word' id='word_1_182' title='bbox 1463 2720 1627 2760; x_wconf 85' lang='lat' dir='ltr'>artus.</span> 
     </span>
    </p>

    <p class='ocr_par' dir='ltr' id='par_1_13' title="bbox 186 2794 1610 2868">
     <span class='ocr_line' id='line_1_28' title="bbox 186 2794 1610 2868; baseline 0 -18"><span class='ocrx_word' id='word_1_183' title='bbox 186 2794 319 2850; x_wconf 90' lang='lat' dir='ltr'>Vidi</span> <span class='ocrx_word' id='word_1_184' title='bbox 359 2800 526 2852; x_wconf 83' lang='lat' dir='ltr'>oculis</span> <span class='ocrx_word' id='word_1_185' title='bbox 552 2838 568 2862; x_wconf 91' lang='lat'>,</span> <span class='ocrx_word' id='word_1_186' title='bbox 607 2803 717 2855; x_wconf 64' lang='lat' dir='ltr'>vidi·</span> <span class='ocrx_word' id='word_1_187' title='bbox 753 2803 867 2868; x_wconf 68' lang='lat' dir='ltr'>ipse</span> <span class='ocrx_word' id='word_1_188' title='bbox 900 2802 1038 2851; x_wconf 84' lang='lat' dir='ltr'>meis</span> <span class='ocrx_word' id='word_1_189' title='bbox 1063 2838 1080 2862; x_wconf 89' lang='lat'><em>‚</em></span> <span class='ocrx_word' id='word_1_190' title='bbox 1120 2812 1174 2855; x_wconf 86' lang='lat' dir='ltr'>et</span> <span class='ocrx_word' id='word_1_191' title='bbox 1199 2803 1420 2855; x_wconf 82' lang='lat' dir='ltr'>vulnera</span> <span class='ocrx_word' id='word_1_192' title='bbox 1461 2802 1610 2854; x_wconf 85' lang='lat' dir='ltr'>noui.</span> 
     </span>
    </p>

    <p class='ocr_par' dir='ltr' id='par_1_14' title="bbox 184 2878 1888 3342">
     <span class='ocr_line' id='line_1_29' title="bbox 184 2878 1888 2964; baseline 0 -21"><span class='ocrx_word' id='word_1_193' title='bbox 184 2886 393 2958; x_wconf 85' lang='lat' dir='ltr'>Vesper</span> <span class='ocrx_word' id='word_1_194' title='bbox 433 2906 572 2954; x_wconf 90' lang='lat' dir='ltr'>erat,</span> <span class='ocrx_word' id='word_1_195' title='bbox 612 2894 917 2960; x_wconf 83' lang='lat' dir='ltr'>clausaeque</span> <span class='ocrx_word' id='word_1_196' title='bbox 971 2878 1150 2953; x_wconf 77' lang='lat' dir='ltr'>sores,</span> <span class='ocrx_word' id='word_1_197' title='bbox 1193 2893 1500 2960; x_wconf 86' lang='lat' dir='ltr'>clausaeque</span> <span class='ocrx_word' id='word_1_198' title='bbox 1542 2893 1822 2964; x_wconf 59' lang='lat' dir='ltr'>fenestrae,</span> <span class='ocrx_word' id='word_1_199' title='bbox 1883 2909 1888 2914; x_wconf 82' lang='grc'><em>·</em></span> 
     </span>
     <span class='ocr_line' id='line_1_30' title="bbox 186 2981 1508 3054; baseline 0.001 -19"><span class='ocrx_word' id='word_1_200' title='bbox 186 2981 304 3036; x_wconf 83' lang='lat' dir='ltr'>Nos</span> <span class='ocrx_word' id='word_1_201' title='bbox 340 2988 480 3039; x_wconf 79' lang='lat' dir='ltr'>intus</span> <span class='ocrx_word' id='word_1_202' title='bbox 516 2988 699 3054; x_wconf 83' lang='lat' dir='ltr'>pauidi</span> <span class='ocrx_word' id='word_1_203' title='bbox 740 2988 982 3048; x_wconf 76' lang='lat' dir='ltr'>latitare,</span> <span class='ocrx_word' id='word_1_204' title='bbox 1021 2989 1076 3038; x_wconf 81' lang='lat' dir='ltr'>e&#39;t</span> <span class='ocrx_word' id='word_1_205' title='bbox 1098 2991 1335 3053; x_wconf 72' lang='lat' dir='ltr'>‘corpora</span> <span class='ocrx_word' id='word_1_206' title='bbox 1370 2988 1508 3042; x_wconf 63' lang='lat' dir='ltr'>vista</span> 
     </span>
     <span class='ocr_line' id='line_1_31' title="bbox 187 3075 1560 3147; baseline 0.004 -18"><span class='ocrx_word' id='word_1_207' title='bbox 187 3078 422 3141; x_wconf 88' lang='lat' dir='ltr'>Curare,</span> <span class='ocrx_word' id='word_1_208' title='bbox 462 3096 523 3132; x_wconf 91' lang='lat' dir='ltr'>ac</span> <span class='ocrx_word' id='word_1_209' title='bbox 555 3080 734 3147; x_wconf 67' lang='lat' dir='ltr'>positis</span> <span class='ocrx_word' id='word_1_210' title='bbox 756 3080 942 3133; x_wconf 79' lang='lat' dir='ltr'>moesti</span> <span class='ocrx_word' id='word_1_211' title='bbox 983 3075 1314 3133; x_wconf 79' lang='lat' dir='ltr'>discumbere</span> <span class='ocrx_word' id='word_1_212' title='bbox 1349 3081 1560 3134; x_wconf 61' lang='lat' dir='ltr'>meniis</span> 
     </span>
     <span class='ocr_line' id='line_1_32' title="bbox 193 3169 1585 3243; baseline 0.001 -19"><span class='ocrx_word' id='word_1_213' title='bbox 193 3169 336 3225; x_wconf 89' lang='lat' dir='ltr'>Ecce</span> <span class='ocrx_word' id='word_1_214' title='bbox 385 3185 563 3226; x_wconf 89' lang='lat' dir='ltr'>autem</span> <span class='ocrx_word' id='word_1_215' title='bbox 596 3175 714 3227; x_wconf 68' lang='lat' dir='ltr'>tec&#39;ti</span> <span class='ocrx_word' id='word_1_216' title='bbox 747 3176 803 3225; x_wconf 87' lang='lat' dir='ltr'>in</span> <span class='ocrx_word' id='word_1_217' title='bbox 830 3174 1024 3227; x_wconf 80' lang='lat' dir='ltr'>mediis</span> <span class='ocrx_word' id='word_1_218' title='bbox 1054 3174 1422 3243; x_wconf 78' lang='lat' dir='ltr'>penetralibus</span> <span class='ocrx_word' id='word_1_219' title='bbox 1473 3176 1585 3243; x_wconf 67' lang='lat' dir='ltr'>ipse</span> 
     </span>
     <span class='ocr_line' id='line_1_33' title="bbox 186 3251 1508 3342; baseline 0.001 -18"><span class='ocrx_word' id='word_1_220' title='bbox 186 3262 515 3342; x_wconf 66' lang='lat' dir='ltr'>Improuiffis‘</span> <span class='ocrx_word' id='word_1_221' title='bbox 540 3251 677 3322; x_wconf 75' lang='lat' dir='ltr'>adest</span> <span class='ocrx_word' id='word_1_222' title='bbox 696 3306 712 3330; x_wconf 92' lang='lat'>,</span> <span class='ocrx_word' id='word_1_223' title='bbox 752 3255 1434 3325; x_wconf 37' lang='lat' dir='ltr'>et-*ihobseruabilisssberos</span> <span class='ocrx_word' id='word_1_224' title='bbox 1465 3271 1508 3330; x_wconf 60' lang='grc' dir='ltr'>’κ’</span> 
     </span>
    </p>

    <p class='ocr_par' dir='ltr' id='par_1_15' title="bbox 202 3358 1914 3420">
     <span class='ocr_line' id='line_1_34' title="bbox 202 3358 1914 3420; baseline -0.001 -6"><span class='ocrx_word' id='word_1_225' title='bbox 202 3383 211 3388; x_wconf 91' lang='grc'><em>·</em></span> <span class='ocrx_word' id='word_1_226' title='bbox 249 3375 257 3384; x_wconf 84' lang='grc'><strong><em>’</em></strong></span> <span class='ocrx_word' id='word_1_227' title='bbox 1309 3386 1314 3390; x_wconf 85' lang='grc'><em>·</em></span> <span class='ocrx_word' id='word_1_228' title='bbox 1738 3358 1914 3420; x_wconf 72' lang='lat' dir='ltr'>,Efful-</span> 
     </span>
    </p>
   </div>
  </div>
 </body>
</html>
