2213 3736
812 209 1024 266 Liber
1064 212 1134 266 V.
1752 223 1845 281 189

118 380 129 385 ·
156 348 1850 408 Μ

189 528 735 621 MARCI
838 458 1791 627 HIERONYMI

817 732 1162 771 vinae
1621 753 1648 781 e

308 863 1109 937 CHRISTIADOS
1181 861 1501 932 LIBER
1565 864 1647 931 V.

657 1034 1307 1071 w...

130 1153 354 1255 Insonti
394 1198 524 1248 vero
561 1193 833 1249 Romanus
875 1207 1095 1263 parcere
1121 1190 1279 1258 capto

128 1298 273 1354 Toto
318 1301 480 1352 corde
513 1310 700 1365 petens
727 1338 745 1362 ‚
784 1299 885 1353 huc
912 1311 1150 1353 mentem
1183 1297 1412 1361 diuidit,
1450 1303 1609 1363 atque
1646 1295 1768 1351 huc·

132 1392 311 1448 Fama
355 1397 495 1454 viri,
530 1394 801 1460 virtusque
835 1396 1016 1444 animo
1037 1430 1054 1454 ,
1095 1394 1400 1457 egregiique
1432 1391 1660 1443 recursat

136 1484 268 1538 Oris
306 1484 510 1545 honoS‚
550 1500 649 1536 nec
697 1488 806 1537 iam
842 1485 1120 1538 obscurum
1158 1499 1326 1550 genus
1365 1482 1468 1534 effe
1492 1485 1731 1538 deorum.

132 1577 337 1631 Omnia
367 1579 685 1647 respondent
715 1578 923 1632 auditis.
956 1578 1184 1642 denique
1221 1575 1287 1627 ad
1322 1576 1457 1641 ipsos

133 1673 441 1726 Conuersus
476 1673 727 1742 Solymos
767 1668 1208 1725 fremituteEtum
1239 1683 1398 1721 omne
1429 1669 1718 1736 replentes⁸

131 1765 245 1829 Ite,
286 1772 393 1828 ait,
431 1781 485 1821 et
516 1766 683 1836 pofito
718 1779 848 1817 mox
879 1762 985 1815 huc
1019 1765 1315 1815 certamine
1347 1762 1534 1816 adeste.

132 1860 219 1915 Sit
245 1866 336 1929 qui
381 1879 481 1929 pro
521 1862 716 1918 cunffls
746 1874 969 1913 numero
1002 1856 1231 1910 delenitus
1264 1856 1327 1909 ab
1357 1859 1500 1909 omni

129 1952 321 2007 Fando
368 1956 568 2021 aliquid
603 1958 826 2015 doceat,
863 1967 966 2018 quo
999 1950 1214 2003 tandem
1249 1951 1296 1999 is
1325 1950 1548 2003 crimine
1590 1961 1763 2005 morte

131 2048 464 2103 Mulaandus
485 2057 515 2110 ,“
552 2048 695 2116 quod
728 2058 933 2101 tantum
968 2044 1136 2097 obstet
1167 2043 1364 2105 Γραίας,
1404 2044 1587 2100 ordine
1619 2046 1837 2113 pandat,

128 2141 375 2196 insonti:
414 2131 564 2196 fimul
603 2143 769 2204 haec,
807 2139 958 2192 fimul
1004 2138 1089 2190 illi
1127 2137 1307 2189 abiere
1340 2136 1628 2191 frementes

133 2236 345 2289 Christo
380 2241 574 2290 animis
604 2239 736 2290 certi
777 2247 1049 2303 nunquam
1080 2230 1322 2284 defistere
1358 2233 1502 2285 vino.

126 2329 289 2385 Parte
314 2333 454 2393 alia,
491 2347 677 2397 regem
708 2333 799 2398 qui
836 2327 995 2380 foede
1025 2324 1255 2392 prodidit
1281 2322 1434 2387 hosti,

126 2425 371 2480 Mutatus
405 2425 574 2478 scelus
601 2423 837 2490 agnoscit
870 2423 1117 2488 periurus
1144 2417 1297 2474 Iudas

118 2518 214 2572 Ah
254 2513 447 2578 miser,
485 2519 732 2572 infestum
772 2531 930 2585 quam
968 2513 1131 2565 vellet
1170 2508 1311 2578 poffe
1342 2511 1593 2569 reuerti?

122 2608 295 2669 Nulla
328 2613 480 2678 quies
504 2615 702 2669 animo.
739 2610 937 2664 saeuire
975 2609 1034 2658 in
1071 2606 1281 2674 peEtore
1306 2605 1454 2658 dirae

134 2705 421 2766 Vltrices,
454 2720 742 2776 caecasque
778 2706 843 2757 ob
879 2718 1081 2756 noxam
1125 2703 1330 2754 sumere
1377 2714 1598 2767 poenas·

132 2796 255 2850 Nec
288 2798 431 2863 capit
458 2798 666 2851 insanos
696 2811 939 2850 curarum
974 2781 1415 2865 peEtooe‘fluEtuS,
1531 2781 1534 2784 ¹

129 2889 277 2944 Hinc
308 2888 484 2943 secum
517 2908 642 2945 aera
674 2906 838 2944 manu
866 2892 1076 2944 sceleris
1120 2891 1323 2943 causam
1365 2891 1542 2943 attulit
1580 2906 1785 2956 amena,

131 2984 285 3046 Quae
331 2982 540 3049 Solymi
578 3000 770 3050 magno
801 2985 1058 3038 dederant
1095 2987 1152 3037 in
1197 2999 1415 3036 munere
1447 2985 1607 3050 pasta,

130 3080 317 3147 Atque
354 3079 675 3152 sacerdotum
714 3059 909 3131 sacrata
942 3080 1008 3133 ad
1045 3080 1230 3130 limina
1269 3081 1414 3130 venit

125 3171 480 3226 Vociferans:
512 3173 739 3225 vestrum
756 3171 854 3224 hoc
886 3179 1162 3238 argentum
1184 3208 1200 3231 ,
1240 3168 1368 3222 haec
1402 3188 1621 3226 munera
1638 3173 1823 3237 vestra,

131 3266 401 3335 Accipite.
445 3283 515 3320 en
552 3266 810 3326 scelerum
843 3268 1076 3334 pretium
1106 3265 1327 3318 exitiale
1353 3282 1574 3334 repono.

1701 3354 1827 3412 Heu
