2213 3736
796 192 1033 250 Liber
1066 197 1213 255 III.
1741 207 1855 263 ·139

70 370 79 375 ·
156 342 508 397 iustitiamin
549 338 742 392 melius
766 340 944 394 versus
982 345 1262 397 mirabitur
1295 344 1459 397 orbiS.

158 436 303 491 Tum
330 437 473 490 ferus
518 438 574 485 in
600 433 763 487 falces
793 451 982 489 cui-uas
1037 439 1355 491 conflabitur
1391 434 1546 498 entis,

158 530 742 598 Aureaqueincipient
780 531 976 601 mundo
1004 532 1282 587 succedere
1322 531 1475 583 secla.

159 624 254 677 Sic
286 641 381 690 ego
414 624 571 689 saepe
604 637 777 674 moras
816 613 1022 676 mecum
1056 627 1225 679 lenire
1260 620 1510 684 solebam,

164 717 239 771 Et
274 721 442 783 magis
483 717 638 782 vsque
670 721 850 770 animo
890 719 1021 770 mibi
1058 720 1173 787 spes
1208 721 1427 771 accensa
1458 719 1682 785 vigebat.

163 812 329 869 Forte
354 809 733 876 recognoscens
773 806 1000 881 populos
1035 830 1320 869 numerare
1352 814 1566 866 iubebat

163 909 427 974 Augustus
462 907 650 959 Caesar
676 943 692 968 ,
729 923 908 959 rerum
949 915 1033 962 cui
1067 906 1272 963 summa
1303 908 1548 976 potestas.

163 999 279 1068 lpse
313 1005 473 1067 igitur
504 1005 703 1054 veteris
735 1003 1041 1070 repetebam
1077 1006 1293 1058 moenia
1328 1003 1565 1062 Bethles‚

166 1093 337 1148 Vnde·
358 1111 527 1161 genus
561 1095 694 1148 duco
716 1133 732 1157 ‚
769 1112 870 1166 quo
908 1113 996 1149 me
1023 1113 1235 1167 quoque
1268 1098 1474 1151 ciuibus
1510 1100 1656 1151 vrbis

162 1188 448 1244 insererem
470 1229 487 1253 ,
525 1204 827 1259 nomenque
852 1206 1034 1246 meum
1056 1231 1073 1256 ,
1110 1208 1413 1259 nomenque
1453 1200 1713 1246 meorum.

169 1284 365 1351 Sponsa
401 1286 711 1352 sequebaitur
741 1284 989 1341 Nazarae
1015 1288 1081 1341 ab
1114 1282 1236 1341 sede
1269 1287 1516 1356 profecta.

167 1375 280 1431 Vix
318 1382 520 1449 patriae
553 1382 807 1433 intratam
839 1396 1056 1444 murm,
1094 1391 1148 1434 et
1186 1397 1303 1434 rara
1343 1382 1626 1434 domorum

165 1469 317 1527 Testa
339 1513 355 1535 ,
389 1473 693 1542 soporiferis
719 1491 841 1529 cum
874 1492 988 1529 nox
1028 1476 1236 1527 caelum
1270 1475 1478 1527 abstulit
1506 1476 1729 1528 vmbris.

166 1563 256 1620 Est
283 1564 428 1625 sedes
464 1565 672 1621 deserta
698 1566 958 1625 humilem
984 1569 1407 1635 ingredientibus
1435 1569 1623 1621 vrbem

167 1659 419 1715 Horrenti
451 1659 731 1730 culmoque
753 1703 770 1726 ,
807 1672 863 1717 et
902 1667 1075 1718 carice
1114 1664 1247 1717 tesia
1277 1662 1517 1731 palustri,
1561 1725 1574 1732 ,

168 1761 432 1826 Agricolis
467 1762 595 1813 olim
625 1757 771 1812 statio
814 1757 1133 1824 gratiiiima,
1170 1756 1208 1810 fi
1241 1774 1375 1825 quos

172 1851 313 1908 Rure
350 1855 537 1924 procul
565 1856 736 1922 patrio
767 1872 882 1909 nox
924 1854 1287 1921 deprendifl'et
1333 1856 1388 1907 in
1423 1853 1571 1934 vrbe.

169 1943 414 2016 Namque
445 1949 568 2001 aliis
614 1949 799 2015 procul
834 1966 865 2002 a
904 1950 1055 2004 testis
1087 1944 1351 2004 summota
1389 1946 1611 2001 recedit.

173 2040 286 2096 Huc
324 2047 486 2109 igitur
516 2041 628 2095 feffi
660 2048 859 2112 pariter
892 2044 1222 2098 succedimus
1265 2044 1421 2098 ambo

174 2137 277 2191 sau
310 2137 428 2190 casu
451 2175 469 2200 ‚
506 2136 593 2190 seu
631 2138 701 2192 iic
726 2141 896 2193 ream·
927 2139 1138 2194 sortitus
1169 2141 1394 2207 olympi,

174 2229 244 2287 Vt
283 2234 463 2300 potius
496 2249 619 2286 reor
640 2271 657 2294 ,
696 2244 755 2288 et
786 2237 964 2302 potius
998 2234 1078 2287 fas
1117 2235 1338 2288 credere
1366 2235 1523 2287 duco.

173 2321 369 2380 Natum
401 2329 609 2379 etenim
649 2343 755 2382 non
790 2329 959 2381 solum
1000 2338 1246 2381 extrema
1280 2343 1376 2395 per
1414 2330 1592 2381 omnia
1617 2329 1781 2381 vitam

172 2416 377 2473 Ducere
398 2458 416 2482 ,
453 2429 508 2474 et
547 2422 605 2473 in
648 2425 806 2478 terris
855 2423 1101 2488 indignos
1136 2424 1353 2477 voluere
1388 2423 1562 2476 casus:

173 2509 378 2568 Verum
425 2516 585 2567 etiam
610 2517 745 2571 testo
775 2516 945 2570 voluit
985 2516 1076 2569 sub
1113 2531 1350 2585 paupere
1389 2516 1620 2569 eundem

176 2601 362 2668 Nasci,
394 2606 692 2676 humilique
705 2610 866 2662 domo
879 2611 1256 2673 miserabilem,
1294 2622 1348 2665 et
1362 2613 1600 2663 omnium
1623 2619 1872 2675 egenum.

175 2699 443 2770 Principio
471 2705 524 2754 in
569 2702 782 2757 stabulis
819 2706 1050 2772 pandum
1091 2707 1157 2759 ad
1192 2705 1466 2773 praesepia
1500 2702 1613 2756 fisto

178 2795 615 2863 Quadrupedem,
658 2800 1028 2867 auxiliumque
1052 2802 1205 2864 viae,
1244 2814 1572 2864 onerumque
1609 2797 1873 2854 leuamen.

179 2889 348 2951 Quem
385 2893 536 2942 iuxta
569 2894 625 2943 in
658 2892 864 2960 stipulis
901 2891 1012 2945 sele
1042 2894 1186 2949 locat
1220 2895 1418 2961 inclyta
1456 2895 1624 2958 virgo.

181 2983 390 3052 Quippe
426 2986 532 3038 alia
570 2989 793 3040 interior
821 2987 1013 3040 domus
1056 2987 1168 3039 vlla
1207 2985 1345 3039 haud
1380 2996 1532 3055 parte
1560 2982 1791 3037 vacabat.
1837 3051 1846 3056 ⁶

179 3076 284 3129 Bos
312 3090 426 3132 erat
457 3096 488 3132 a
526 3080 680 3133 laeua
705 3079 950 3148 tepidum
976 3078 1117 3133 flans
1153 3097 1247 3134 ore
1289 3094 1566 3148 vaporem,

183 3167 348 3229 Quem
391 3187 597 3238 pauper
628 3177 828 3242 campis
865 3175 983 3227 luce
1015 3175 1303 3229 exercebat
1324 3184 1495 3227 arator

133 3309 142 3326 ι
183 3262 355 3324 Pauca
386 3267 486 3321 ibn
518 3283 684 3322 ouruo
714 3269 1034 3340 nispe-ndens
1078 3270 1263 3335 iugera
1289 3269 1502 3331 arat-rod

1919 2569 1934 2600 i

1761 3352 1882 3408 Nec
