2213 3736
761 309 1124 376 Liber-IL·
1183 320 1190 327 ’
1422 372 1431 383 ,
1710 304 1808 380 '99'

101 414 598 526 Pro'digiisss'magna
635 471 755 511 cum
788 459 982 527 praeda
1015 459 1180 515 exisse
1208 426 1454 528 parentes

98 550 359 620 Ingreflos
398 552 538 621 pede
571 555 673 605 iter
700 554 850 606 salsas
886 557 1106 621 impune
1137 571 1234 621 per
1274 554 1457 609 vndas,
1685 618 1714 653 N

105 644 251 713 Ergo
281 651 469 713 ingens
497 657 616 697 tum
650 645 1014 712 sceptriferam
1052 651 1331 703 concursus
1372 648 1438 701 ad
1471 650 1658 704 vrbem
1719 654 1738 721 f

115 737 359 809 Vndique
389 750 521 793 erat.
558 742 850 808 populique
882 750 1069 793 omnes
1101 742 1166 795 ad
1200 739 1341 795 sacra
1372 743 1624 798 fluebant.

112 833 239 889 Non
272 818 435 889 effusa
466 840 645 887 tamen
683 822 835 886 turba
864 834 967 887 huc
1006 833 1112 887 fine
1138 852 1290 889 more
1326 838 1528 890 ruebat.

119 927 314 984 Verum
356 929 573 999 quisque
610 929 901 995 ducemque
929 929 1074 982 suum
1098 966 1116 991 ,
1153 940 1470 997 gentemque
1505 931 1808 1002 tribumque

112 1021 232 1076 Vna
273 1023 419 1076 ibant
450 1020 722 1085 comi'tati,
760 1028 959 1075 etenim
1000 1024 1124 1099 lieet
1168 1025 1413 1075 omnibus
1461 1025 1604 1077 idem

76 1140 81 1143 ·
120 1115 337 1183 Sanguis
365 1155 382 1178 ,
423 1122 751 1183 cognataque
784 1121 884 1169 orti
917 1115 1013 1171 smt
1038 1115 1198 1185 stirpe
1239 1122 1485 1185 nepoteS,

120 1212 314 1265 Omnes
353 1206 579 1261 Isacidae
604 1247 621 1270 ,
658 1211 872 1277 paribus
892 1211 990 1264 ‘sub
1025 1192 1231 1277 leuibus
1270 1227 1477 1274 omneS,

125 1304 311 1360 Scindit
344 1305 395 1357 se
438 1316 616 1357 tamen
659 1307 714 1357 in
743 1306 826 1360 bis
857 1306 1004 1358 senas
1050 1321 1151 1359 vna
1193 1307 1360 1359 tribus
1404 1314 1556 1372 gene,

130 1402 292 1468 Atque
331 1398 679 1453 Palaestinam
716 1398 823 1452 late
850 1396 922 1452 est
950 1399 1155 1452 didufta
1180 1416 1276 1467 per
1315 1416 1549 1465 omnem,

123 1491 305 1547 Libera
339 1501 472 1560 gens
509 1494 641 1545 olirn‘
672 1493 837 1546 multa
870 1492 1075 1546 munita
1115 1499 1285 1545 virum
1319 1495 1391 1554 vi,

126 1584 497 1659 Florentesque
526 1591 678 1642 vrbe&
713 1586 967 1657 populiS‚
1005 1589 1305 1656 opibusque
1348 1589 1605 1653 vigentes·
1665 1630 1670 1635 .

128 1678 262 1736 Tunc
294 1696 472 1737 autem
512 1683 697 1751 patriis
738 1682 805 1736 de
839 1680 1034 1736 finibus
1061 1683 1333 1736 exturbati

129 1774 253 1832 Pene
284 1795 470 1832 omnes
513 1775 759 1839 aberant,
800 1786 854 1832 et
885 1778 1072 1847 Caspia
1112 1779 1235 1832 saxa
1276 1776 1538 1831 colebant.

131 1868 229 1928 Vix
274 1874 337 1927 de
373 1874 457 1927 bis
496 1866 635 1924 senis
671 1874 837 1948 tribus
873 1890 973 1926 vna
1000 1874 1186 1928 intasta
1215 1873 1478 1932 manebat,

134 1967 448 2039 Alteraque',
489 1977 544 2022 et
583 1961 754 2033 patria
788 1967 1126 2022 sesetellure
1156 1969 1429 2028 tenebant,

135 2057 493 2130 Beniamidum
520 2072 649 2124 gens
674 2100 690 2124 ,
727 2077 861 2127 aque
892 2055 999 2131 ἰρΐο
1027 2060 1228 2132 domus,
1260 2061 1456 2126 inclyta
1486 2058 1632 2122 Iuda,

137 2157 319 2210 Ambae
355 2166 483 2209 tunc
515 2157 676 2208 etiam
710 2156 921 2223 populis
955 2155 1250 2225 opibusque
1278 2159 1537 2221 vigentes,

138 2245 344 2305 Tantum
373 2259 551 2301 autem
589 2251 816 2316 imperio
850 2245 1131 2311 adiectam,
1170 2265 1273 2300 ceu
1308 2261 1517 2300 caetera
1557 2243 1741 2315 paffim

143 2342 443 2400 Contuderat
478 2342 656 2403 bello,
695 2355 747 2396 et
796 2341 1092 2395 vistrieibus
1133 2338 1377 2393 hauserat
1410 2344 1597 2403 armis,

143 2431 272 2492 Hane
309 2454 521 2507 quoque
558 2436 774 2489 seruitio
812 2446 1017 2504 partem
1055 2435 1229 2492 Roma
1265 2437 1373 2488 alta
1411 2435 1707 2503 premebat.

146 2526 341 2599 Sceptra
368 2531 487 2584 vrbi
520 2540 725 2584 tantum
769 2527 1073 2596 sublataque
1110 2525 1381 2582 ademerat
1412 2542 1562 2580 arma

146 2619 388 2695 Linquens
422 2623 563 2677 sacra
590 2627 752 2689 viriS‚
792 2639 853 2678 ac
885 2622 1033 2690 leges
1064 2623 1226 2677 vistor
1260 2628 1450 2678 auitas.

149 2711 277 2772 Nunc
298 2716 461 2774 tellus
494 2718 698 2772 deserta
728 2719 880 2771 iacet.
913 2727 993 2769 tot
1021 2715 1165 2769 clara
1195 2717 1346 2771 fuere

150 2808 367 2876 Moenia,
408 2822 487 2867 tot
529 2812 741 2880 populis
778 2814 973 2879 pariter
1008 2827 1128 2862 cum
1175 2809 1400 2863 fortibus
1437 2807 1615 2873 vrbe&

154 2896 246 2957 H‘ae
274 2903 413 2959 bello
435 2946 450 2968 ‚
490 2903 592 2959 hae
628 2891 815 2958 validis
836 2904 1102 2972 quaisatae
1133 2907 1331 2957 viribus
1367 2908 1507 2958 aeui.

156 2992 298 3066 Vsque
330 3001 463 3053 adeo
495 3002 672 3055 saeuas
708 2999 955 3067 superum
981 3011 1135 3066 pater
1167 2997 1289 3052 arfit
1328 3001 1381 3050 in
1423 3002 1528 3050 iras

158 3082 538 3160 Nimbipotens,
578 3097 792 3163 natique
818 3109 1010 3144 necem
1036 3109 1144 3145 non
1176 3092 1353 3170 passus
1397 3092 1622 3144 inultam
1655 3084 1756 3164 est,=
1841 3087 1850 3090 ”

158 3177 262 3235 Non
294 3197 466 3241 tamen
507 3188 809 3240 indecorem
847 3200 1021 3240 tantae
1050 3187 1234 3242 solatia
1261 3185 1426 3238 cladis

159 3269 249 3340 Ipse
284 3278 435 3335 finam
475 3284 748 3349 antiquam
783 3279 1059 3349 (superent
1106 3277 1265 3333 modo
1300 3276 1566 3343 carmina)
1607 3287 1823 3335 terram,

160 3360 230 3420 Ne
248 3357 647 3440 penitu‘s'seclis
686 3375 1114 3430 obliuiscentibus
1151 3385 1295 3429 aetas

934 3468 981 3524 G
1022 3481 1049 3525 2
1640 3465 1832 3521 Deleat
