2213 3736
746 221 977 276 Liber
1013 218 1150 273 III.
1713 230 1796 284 13!

108 364 277 422 Vestra
308 367 441 421 haec
476 376 725 436 portenta
759 362 1012 433 agnosco,
1051 363 1430 431 manifestaque
1466 364 1622 432 signa.

110 462 334 527 Aspirate
373 466 554 523 animo
592 460 825 528 placidi,
863 462 1186 537 dubiumque
1221 470 1429 510 monete

113 553 235 614 Quid
274 557 456 623 kquar
479 594 494 615 ‚
535 567 626 607 aut
665 568 921 622 quaenam
960 556 1110 606 vobis
1156 554 1416 606 sententia
1446 553 1660 607 constet.

112 621 316 702 'fantum
356 648 548 702 effatus
590 664 755 701 eram.
792 648 1004 702 tandem
1039 647 1397 715 puicherrima
1433 650 1583 712 virgo

114 742 181 793 Ad
203 740 301 795 sese
330 744 495 803 redit,
533 742 758 809 abrupto
802 743 945 815 velut
979 746 1159 794 excita
1189 741 1372 792 somno

114 835 367 903 Suspirans
388 875 403 897 ,
442 835 797 902 lacrymisque
831 836 965 888 finus
995 836 1254 889 humeftat
1291 836 1510 889 obortis,
1590 901 1595 907 .

113 929 298 983 Accedo
333 943 489 996 atque
539 926 666 993 rogo
707 946 847 981 noua
882 946 976 996 per
1004 930 1266 981 connubia
1304 926 1548 998 supplex,

119 1024 274 1091 Atque
304 1024 461 1075 illum
509 1036 755 1074 aeternae
784 1038 879 1089 per
908 1026 1225 1088 virginitatis
1257 1038 1516 1088 amorem,

114 1115 271 1170 Vnum
306 1135 460 1186 quem
504 1120 663 1167 niueo
689 1116 812 1168 colit
860 1118 1173 1171 intemerata
1206 1119 1424 1185 pudore,

113 1212 344 1265 Admittat
370 1212 570 1264 socium
604 1227 849 1263 curarum
869 1250 885 1273 ,
927 1221 979 1263 et
1009 1226 1199 1276 magna
1243 1212 1475 1268 recludat

115 1301 286 1359 Rerum
321 1323 543 1365 arcana,
583 1305 716 1357 nihil
772 1318 1049 1368 metuens,
1089 1305 1327 1372 mihique
1368 1311 1548 1363 omnia
1585 1309 1779 1367 credat.

114 1397 193 1451 lua
241 1400 345 1452 iolo
371 1386 604 1456 vultum,
642 1409 801 1464 atque
846 1398 1027 1450 ocu'los
1068 1400 1260 1451 deiecta
1297 1402 1567 1464 nitenteiS,

118 1488 238 1544 Rore
277 1494 420 1545 velut
457 1491 672 1543 demissa
699 1500 854 1558 caput
882 1492 995 1543 rosa
1033 1497 1312 1553 matutine,

116 1583 391 1648 Cunstatur,
430 1588 645 1637 demum
691 1588 950 1653 incipiens
984 1584 1049 1635 sic
1091 1598 1181 1635 ora
1217 1584 1467 1642 resoluit:

114 1674 274 1731 Dicam
302 1664 544 1748 equidem
584 1691 762 1746 pater,
803 1677 941 1730 haud
967 1682 1141 1745 patiar
1179 1690 1230 1732 te
1267 1677 1440 1733 nostra
1472 1681 1636 1747 latere

106 1746 305 1826 *Gaudia
339 1774 426 1825 sed
456 1788 590 1839 quae
620 1789 758 1824 nunc
787 1812 803 1834 ,
843 1786 932 1824 aut
974 1770 1109 1824 vnde
1137 1772 1360 1824 exordia
1395 1774 1636 1829 sumam?

118 1859 233 1921 Nam
263 1872 376 1938 quis
412 1872 643 1921 narranti
680 1881 858 1920 rerum
890 1866 1144 1920 miracula
1177 1863 1362 1920 credat

116 1954 371 2016 Tantarum
394 1963 422 2015 ’.2
465 1975 558 2028 per
593 1977 690 2027 ego
736 1960 829 2012 has
859 1962 1151 2027 lacrymas,
1193 1973 1320 2027 quas
1354 1966 1562 2017 excutit
1587 1967 1773 2030 ingens

116 2051 307 2109 Laetitia
341 2051 598 2130 obtestor,
640 2069 774 2122 quae
816 2051 965 2107 fabor
989 2094 1004 2117 ,
1045 2055 1251 2121 pec‘tore
1290 2054 1504 2117 condaS,

117 2141 185 2198 Ne
206 2154 341 2216 prius
377 2151 632 2217 incipiant
664 2153 719 2200 in
759 2163 950 2201 vanum
980 2148 1190 2214 serpere
1234 2147 1442 2211 vulga&

118 2236 257 2298 Quam
295 2245 443 2296 Deus
487 2243 595 2310 ipse
639 2243 756 2294 aliis
787 2242 1084 2307 vulgauerit
1126 2243 1304 2291 omnia
1329 2239 1505 2304 figniS.

115 2327 202 2386 lam
237 2336 494 2390 monitrix
536 2351 760 2403 operum
794 2335 967 2386 stellas
1003 2345 1192 2385 aurora
1223 2332 1446 2398 fugarat,

118 2421 173 2478 Et
203 2430 286 2483 Sol
320 2432 582 2498 pallentes
623 2428 868 2483 lustrabat
890 2417 1154 2495 'lampade
1191 2438 1395 2480 terras:

117 2516 205 2586 Ipsa
233 2527 574 2579 reuoluebam
614 2534 795 2576 vatum
831 2527 1158 2576 monimenta
1188 2524 1430 2590 priorum

117 2607 235 2668 Diua
265 2622 444 2671 animo
476 2618 718 2673 recolens
746 2658 761 2679 ,
801 2617 883 2669 sed
910 2615 1044 2686 'prae
1076 2629 1202 2670 tunc
1239 2615 1482 2668 omnibus
1521 2630 1682 2671 vnum

118 2698 251 2762 Forte
278 2713 406 2765 mihi
444 2724 565 2767 ante
610 2711 789 2764 oculos
821 2712 1023 2779 (neque
1052 2716 1196 2763 enim
1229 2711 1334 2763 fine
1375 2714 1593 2764 numine
1627 2721 1774 2765 certo

119 2793 331 2856 Oblatum
358 2807 503 2874 reor)
547 2810 829 2859 immotum
855 2845 869 2866 ‚
908 2805 1148 2858 fixumue
1184 2807 1449 2868 manebat,

118 2888 242 2950 Quod
268 2900 426 2951 cunffl
458 2901 572 2966 pari
601 2916 659 2951 er
687 2899 1051 2976 super3omniu
1077 2901 1395 2966 praedixere

119 2984 309 3052 Affore‚
348 2975 626 3045 c‘oncubitu
668 2995 817 3046 nullo
858 2981 983 3046 cum
1021 2997 1171 3056 regia
1211 2996 1358 3057 virgo

117 3071 371 3144 Impatiens
394 3123 410 3146 ‚
448 3102 714 3153 exorsque
747 3091 847 3139 viri
878 3081 1154 3158 (mirabile
1193 3085 1359 3154 distu)

117 3166 405 3232 Caelicolum
440 3194 620 3245 regem
653 3181 740 3232 sub
769 3182 982 3233 luminis
1012 3169 1216 3232 'ederet
1241 3193 1415 3242 aurae,

120 3258 260 3318 Cuius
296 3272 349 3323 in
390 3272 621 3327 aduentu
666 3274 926 3327 laetentur
968 3276 1146 3328 cunita
1182 3263 1279 3344 pet·
1318 3276 1504 3329 orbem

898 3366 923 3419 1
958 3384 989 3422 2
1646 3363 1778 3417 Pro-
