2213 3736
787 215 1001 273 Liber
1036 218 1178 274 III.
1739 202 1829 291 152

128 369 237 423 Hoc
261 407 278 430 ‚
319 360 542 433 inquit,
581 361 714 415 mihi
741 364 1048 432 praedixit,
1087 382 1210 418 nam
1249 365 1428 419 cuneta
1466 367 1739 423 recordor.

133 461 271 517 Haec
306 473 448 514 anus
490 455 600 517 est,
639 456 768 511 haec
804 456 1048 514 Helisabe
1081 460 1216 515 mihi
1266 448 1512 526 sanguine
1541 461 1725 524 iuncta,

136 558 225 611 Cui
265 553 485 607 sextum
518 550 655 631 *luna
695 555 944 617 grauidae
980 557 1083 608 iam
1124 558 1310 609 circuit
1342 554 1543 608 orbem.

136 651 239 705 Nec
264 654 451 718 plura.
495 644 767 713 extemplo
801 647 983 714 placet
1018 640 1221 711 ire2‘et
1259 647 1414 714 stirpe
1445 650 1804 715 propinquam

140 743 309 801 Visere
340 755 512 795 anum
536 777 551 799 ‚
589 740 960 809 gradimurque
997 745 1151 795 ambo
1192 741 1343 809 super
1371 744 1477 795 alta
1521 743 1780 808 locorum,

147 838 400 907 Teftaque
442 832 740 887 Zachariae
781 822 1013 902 petimus
1050 835 1240 903 procul
1276 838 1436 889 ardua
1474 840 1625 888 vatis.

147 926 244 988 Vix
281 935 522 1001 primum
552 932 829 997 attigeram
860 929 1022 982 limen
1061 931 1334 1000 (mirabile
1376 926 1543 994 distu)

149 1025 378 1079 Occurrit
413 1023 768 1077 tremebunda
808 1040 974 1086 anuS,
1012 1025 1332 1091 intrantique
1374 1022 1588 1092 puellae

151 1118 362 1187 Optatos
395 1117 549 1172 dedit
581 1118 861 1185 amplexus
883 1158 896 1179 ‚
936 1117 1085 1173 Deus
1126 1120 1524 1186 amplexantem

151 1212 329 1268 Inuafit
349 1252 366 1275 ‚
405 1212 723 1280 subitusque
757 1208 846 1265 sub
880 1212 985 1266 offa
1017 1226 1240 1282 repente
1270 1215 1504 1267 cucurrit

158 1308 260 1363 Ima
290 1310 438 1363 calor
462 1345 479 1367 ‚
522 1306 763 1373 talesque
796 1305 938 1361 dedit
968 1319 1219 1361 venerata
1254 1309 1523 1377 loquelas:

156 1402 325 1471 Longe
374 1418 482 1455 vna
527 1410 649 1475 aute
685 1400 815 1451 alias
861 1411 918 1453 tu
954 1400 1223 1457 fortunata
1257 1412 1504 1471 parentes

159 1494 328 1566 Tuque
356 1478 610 1564 v'terique
649 1497 726 1547 tui
758 1493 1244 1559 virgosanffiffima
1280 1496 1505 1563 pondus.

160 1588 301 1645 Vnde
332 1602 561 1661 repente
602 1589 735 1642 mihi
770 1599 917 1643 tanta
952 1587 1286 1655 indulgentia
1320 1588 1456 1641 caeli
1477 1583 1508 1640 2

165 1682 308 1739 Vnde
340 1687 474 1740 haec
516 1683 708 1738 affulsit
736 1685 878 1737 serae
912 1695 1018 1737 tam
1062 1685 1206 1738 clara
1245 1683 1477 1736 seneciae

164 1775 504 1848 Tempestas?
542 1779 623 1831 fas
671 1777 928 1838 ecce,Dei
965 1777 1147 1832 vidifl'e
1189 1790 1507 1863 parentem,-

165 1867 228 1927 Et
262 1891 434 1929 coram
482 1875 639 1929 affari
680 1874 864 1927 lestam
895 1874 962 1927 de
1002 1874 1239 1927 millibus
1272 1890 1430 1928 vnam

165 1964 479 2035 Dignantem
500 1969 598 2023 has
627 1969 802 2031 sedes,
840 1984 1062 2038 meaque
1094 1968 1232 2023 vitro
1271 1971 1327 2019 in
1366 1968 1498 2021 testa
1525 1966 1810 2035 prosettam
1829 1960 1860 2017 2

167 2054 292 2113 Nam
337 2063 469 2117 mihi
514 2064 644 2133 (vix
684 2066 917 2132 primum
958 2067 1209 2129 attigeras
1248 2063 1380 2116 haec
1421 2060 1635 2127 limina)
1679 2057 1859 2126 pestus

166 2149 397 2212 Emicuit
421 2197 436 2219 ‚
478 2156 780 2227 saliensque
819 2167 968 2211 vtero
1006 2157 1206 2225 iignum
1241 2157 1399 2210 edidit
1434 2155 1624 2210 infans·

172 2241 319 2303 Felix
352 2251 476 2304 diua
515 2266 711 2318 parens
752 2252 1000 2319 superum
1033 2252 1318 2320 gratissima
1353 2256 1483 2318 regi,

175 2335 377 2398 Sincera
418 2345 645 2414 spectata
690 2344 833 2407 fide,
875 2361 1011 2413 quae
1048 2346 1267 2399 credere
1298 2349 1458 2424 veris,

175 2428 303 2487 Dum
339 2448 428 2492 tua
453 2440 691 2493 nondum
736 2442 917 2492 animo
957 2440 1223 2507 praesagis
1263 2440 1452 2505 gaudia
1483 2438 1629 2491 dietis

179 2521 323 2583 Haud
352 2513 522 2588 verita
559 2550 637 2587 es,
673 2533 922 2602 promiss‘a
961 2544 1183 2587 manent
1217 2536 1365 2601 pueri
1406 2533 1546 2584 alitis
1579 2545 1700 2582 ecco

182 2614 328 2673 Certa
373 2626 496 2678 tibi.
533 2629 639 2696 iam
678 2644 817 2681 nunc
850 2628 1005 2691 ades;
1045 2629 1295 2698 orbisque
1329 2626 1499 2695 aspice
1523 2624 1669 2678 casus

183 2705 226 2758 Ο
254 2716 380 2768 caeli
420 2722 639 2794 regina,
675 2720 955 2778 hominum
987 2725 1232 2778 miserata
1270 2722 1501 2774 labores,

185 2798 405 2863 Dixerat
432 2850 449 2875 ‚
490 2825 544 2867 at
570 2818 738 2882 teneri
779 2818 949 2886 qualis
990 2819 1105 2872 rosa
1135 2819 1296 2886 plena
1329 2816 1569 2885 pudoriS,

184 2891 333 2953 Haud
365 2908 556 2958 animis
596 2912 732 2965 elata
766 2912 1091 2966 tumentibus
1130 2928 1291 2967 aurea
1324 2913 1475 2976 virgo

190 2988 505 3064 Caelicolum
542 3008 655 3071 regi
683 3006 868 3060 laudes
900 3007 1093 3062 laetata
1120 3005 1355 3059 canebat.

188 3080 327 3145 Quod
351 3092 404 3145 se
444 3109 549 3150 tam
576 3115 746 3169 prope
790 3099 992 3155 fidereo
1025 3097 1300 3168 aspexisset
1330 3097 1549 3166 olympo

191 3174 455 3250 Indignam
489 3189 660 3246 bonus
698 3204 857 3264 atque
892 3193 1155 3250 humilem
1193 3191 1273 3246 nil
1311 3193 1417 3246 tale
1457 3198 1770 3255 merentem,

188 3266 551 3355 Exultansque
580 3286 698 3342 suos
743 3287 837 3344 fibi
870 3292 1188 3345 vaticinatur
1224 3284 1476 3343 honores.

1734 3374 1870 3434 Pro·
