2213 3736
772 158 1004 272 ἰξῡιν
1039 180 1152 243 JV.
1752 196 1847 257 175

136 339 359 410 Terque
380 340 554 392 nouos
589 334 799 402 semper
825 334 1005 400 coepti,
1044 335 1228 388 irritus
1265 324 1491 400 integrat
1527 333 1664 389 astus

136 414 515 503 Nequicquam
546 445 688 481 nunc
719 442 1007 495 regnorum
1033 465 1050 489 ,
1089 441 1232 478 nunc
1271 424 1440 481 laudis
1476 432 1620 482 inani

136 529 431 581 Immotum
477 534 688 577 tentans
732 524 970 573 animum
1014 529 1354 590 praeuertere
1385 534 1587 576 amore,

137 618 218 677 Vt
248 637 366 674 cum
396 620 679 671 sollicitum
714 618 905 691 tollunt
937 630 1086 669 mare
1120 612 1359 666 flufflbus
1397 611 1550 675 Euri,

139 719 346 771 Crebra
373 714 495 767 ferit
519 751 535 773 ,
575 711 841 777 saeuitque
888 711 1082 762 minaci
1120 709 1342 762 verbere
1383 709 1440 758 in
1481 707 1591 760 alta

138 809 386 870 Littora„
409 807 508 859 'sed
548 805 687 857 saxis
721 803 866 857 allisa
905 806 1192 857 reuertitur
1225 803 1377 858 vndass
1535 806 1540 811 '

138 898 259 951 Nec
300 901 448 953 Deus
471 936 489 960 ,
528 897 658 951 haec
689 892 858 951 subito
888 899 1133 965 quamuis
1174 898 1516 963 praesentiat,
1555 903 1706 952 arcet·

139 966 469 1054 Conantem,
511 995 815 1060 patiturque
854 989 1004 1041 dolos
1050 988 1142 1042 fibi
1178 991 1380 1042 nefitere
1419 1005 1602 1044 vanos·

139 1084 196 1138 N
203 1104 302 1139 unc
327 1083 381 1138 se
424 1088 710 1137 marmorei
744 1085 893 1151 supra
926 1082 1128 1148 fastigia
1158 1085 1364 1151 templi,

137 1177 299 1232 Nunc
336 1196 524 1246 rupem
559 1181 746 1245 supra,
785 1178 1126 1245 scabrumque
1156 1179 1428 1246 crepidine
1462 1179 1644 1233 saxum

142 1274 452 1326 Subuefiarl
487 1272 623 1339 vitro
659 1271 809 1334 finit,
844 1283 897 1325 et
931 1272 1072 1345 spem
1101 1273 1343 1323 accendit
1390 1275 1621 1328 inanem.

141 1369 282 1420 Cum
325 1382 454 1418 vero
483 1366 658 1419 viciffe
691 1375 837 1419 ratus
876 1368 981 1415 iam
1019 1367 1212 1429 gaudia
1242 1364 1357 1416 dira

107 1460 470 1527 'conciperet
496 1460 681 1511 frustra
714 1458 806 1511 ille
842 1457 1052 1510 inhians
1094 1460 1143 1509 se
1184 1462 1425 1525 protinus
1462 1458 1620 1513 heros

138 1551 258 1622 Ipse
295 1555 461 1605 deum
496 1555 638 1605 claro
662 1552 940 1605 -confeffus
976 1536 1412 1615 numineporam

139 1645 303 1700 Irrita
350 1647 522 1708 furta,
562 1636 820 1714 dolosque
866 1647 1048 1700 exibat
1076 1647 1280 1714 semper
1317 1657 1554 1711 apertos·

143 1740 333 1801 Qualis
361 1779 378 1802 ,
423 1743 510 1793 vbi
544 1741 765 1794 excussis
801 1758 901 1808 per
943 1741 1101 1808 plana
1142 1741 1300 1794 euafit
1325 1741 1566 1804 habenis',

138 1829 310 1885 Liber
343 1848 508 1901 equus
542 1836 675 1890 ludit
708 1835 935 1889 famulos
973 1835 1095 1889 hinc
1131 1836 1254 1888 inde
1284 1836 1574 1904 sequentem,

142 1926 324 1994 Saepe
354 1927 440 1980 hic
481 1930 807 1984 diffimulans
829 1970 845 1989 ,
883 1932 1042 1999 atque
1078 1934 1188 1985 illic
1227 1932 1500 1998 improbus
1533 1929 1735 1993 haeret,

139 2018 356 2089 Perque
387 2025 524 2074 viam
556 2023 757 2076 oblatas
792 2026 1069 2078 interdum
1095 2028 1321 2093 pascitur
1348 2025 1557 2077 herbas·

138 2116 239 2168 Ast
283 2117 372 2167 vbi
411 2119 516 2167 iam
558 2119 699 2171 videt
741 2118 1021 2181 instante8‚
1059 2120 1316 2182 elabitur,
1354 2120 1566 2186 alteque

138 2209 391 2269 Emicat,
435 2223 490 2262 et
529 2206 697 2277 spatia
745 2207 1048 2266 transmittit
1079 2217 1316 2280 maxima
1356 2208 1547 2279 campi.

140 2304 324 2366 Quam
352 2304 586 2372 speciem
615 2316 869 2373 expertus
914 2310 1262 2373 nequicquam
1300 2308 1389 2360 vbi
1434 2303 1662 2374 denique
1676 2301 1842 2360 senfit·

138 2396 329 2451 Hostis
375 2412 562 2463 atrox,
600 2402 729 2454 abiit
753 2382 1055 2469 viausque‘,
1093 2401 1376 2469 Deumque
1406 2402 1639 2470 reliquit,

139 2491 246 2544 Cui
284 2494 524 2546 volucres
561 2495 774 2549 centum
814 2495 997 2563 pluma
1040 2487 1258 2563 'pernice
1285 2495 1510 2547 ministri

140 2585 406 2639 Astabant
437 2589 588 2641 miss'u
633 2593 927 2656 genitoris,
967 2603 1235 2659 opemque
1276 2590 1533 2644 ferebant.

138 2679 205 2732 Si
246 2697 378 2735 vero
409 2684 584 2736 causas
613 2685 886 2747 odiorum,
925 2691 986 2736 ac
1016 2683 1213 2736 semina
1252 2685 1462 2753 quaeris

136 2761 475 2842 Tantorum,
513 2787 608 2829 cur
640 2793 770 2843 gens
809 2782 985 2832 omnis
1018 2783 1303 2846 opponitur
1333 2781 1440 2841 vni,

137 2867 297 2921 Haec
339 2873 523 2921 norint
563 2871 676 2938 ipfi.
722 2881 867 2926 certe
904 2888 1012 2925 non
1049 2874 1179 2927 talia
1210 2872 1375 2938 gestit,

138 2961 298 3023 Quae
340 2974 497 3029 capto
545 2965 798 3033 affingunt
824 2966 957 3019 odiis
991 2967 1294 3019 crudelibus
1327 2966 1441 3019 asti.

138 3050 274 3107 Non
310 3053 553 3110 homines
593 3063 730 3114 inter
768 3053 938 3126 m‘agis
973 3060 1077 3113 est
1066 3060 1312 3148 3ffabilis
1348 3062 1510 3116 alter.

138 3144 277 3200 Non
309 3153 508 3216 pietate
542 3156 729 3219 prior,
765 3158 921 3207 venia
955 3155 1322 3223 compleffltur
1345 3171 1547 3216 omnes,

141 3235 362 3307 HostiS,
399 3249 535 3300 ciuis
567 3250 618 3299 ei
659 3248 804 3300 nullo
839 3250 1136 3316 discrimine
1164 3247 1437 3307 habentur.

1553 3311 1588 3320 ν

1685 3315 1838 3395 'Mul‘-
